2264 3914
97 244 141 302 26
426 239 538 301 CATO
557 239 708 300 Maron.

103 405 191 471 nulla
212 405 330 471 beatior
352 426 418 470 esse
437 405 552 490 possit3
574 426 677 488 neque
699 405 798 470 soldm
819 402 928 496 officio,
944 405 1033 488 quod

103 504 264 570 hominum
285 504 392 590 generi
414 505 559 570 universo
580 505 704 569 cultura
725 513 934 590 agrorumest
947 506 1034 570 salu·

104 604 190 679 taris,
217 603 269 668 sed
295 612 327 668 et
353 603 566 679 delectatione,
589 625 685 686 quam
706 603 781 681 dixi,
804 615 836 670 et
865 604 1033 672 saturitate

104 705 253 790 copiaque
270 703 409 769 omniurn
430 725 545 780 rerum,
568 727 637 788 quae
658 705 696 768 ad
717 705 836 770 victum
857 705 1032 781 homiuum,

104 806 143 868 ad
169 805 290 869 cultum
311 805 404 869 etiam
425 804 576 880 Deorum,
602 805 781 890 pertinent3
808 815 855 880 ut,
879 806 1031 888 quoniam

103 902 169 966 haec
184 902 310 987 quidam
323 902 507 978 desiderant,
519 903 552 965 in
563 903 694 988 gratiam
706 904 771 987 jam
782 925 854 967 cum
865 904 1031 988 voluptate

103 1004 274 1068 redeamus.
330 1001 460 1088 Semper
489 1003 570 1068 enim
601 1003 674 1068 boni
702 1002 880 1086 assiduique
908 1003 1029 1068 domini

103 1102 219 1169 referta
232 1101 310 1167 cella
323 1102 451 1178 vinaria,
467 1101 589 1177 olearia,
606 1101 700 1166 etiam
713 1101 839 1186 penaria
861 1110 919 1178 cst,
934 1101 1030 1167 villa-

103 1224 166 1286 que
187 1210 254 1266 tota
272 1200 409 1285 locuples
434 1210 500 1277 est3
523 1199 661 1264 abundat
683 1222 786 1284 porco,
809 1199 907 1276 haedo,
933 1222 1029 1286 agno,

103 1301 230 1388 gallina,
267 1299 356 1376 lacte,
394 1321 493 1375 caseo,
529 1299 631 1364 melle.
696 1299 772 1365 Jam
807 1300 933 1365 bortum
966 1302 1030 1386 ipsi

103 1400 246 1488 agricolao
271 1399 439 1465 succidiam
464 1399 594 1463 alteram
619 1399 786 1485 appellant.
842 1399 1031 1468 conditiora

104 1499 181 1563 facit
195 1499 261 1563 haec
275 1498 496 1582 supervacanei
511 1498 606 1564 ctiam
625 1499 725 1584 operis
745 1500 912 1585 aucupium
929 1491 1029 1584 atque

103 1597 237 1662 venatio.
297 1599 348 1661 57.
387 1594 475 1677 Quid
512 1596 552 1660 de
584 1608 743 1681 pratorum
771 1598 937 1674 viriditate,
968 1613 1028 1666 aut

103 1700 249 1761 arborum
285 1695 453 1771 ordinibus,
490 1705 546 1759 aut
581 1696 742 1761 vinearum
777 1697 1028 1782 olivetorumque

104 1796 206 1882 specie
220 1795 344 1860 dicam?
376 1793 474 1859 Brevi
488 1794 659 1879 praecidam.
687 1795 777 1882 Agro
791 1795 871 1862 bend
885 1796 971 1863 culto
982 1800 1029 1863 nil

103 1905 207 1983 potest
221 1917 287 1960 esse
301 1915 359 1959 nec
373 1916 433 1958 usu
447 1894 583 1970 uberius,
603 1916 661 1960 nec
681 1895 784 1980 specie
803 1896 961 1972 ornatius;
986 1900 1027 1962 ad

104 2019 199 2082 quem
210 1996 377 2062 fruendum
391 2017 454 2060 non
466 1995 559 2060 modd
570 2017 633 2060 non
644 1995 791 2073 retardat,
807 1997 916 2062 verdm
930 1997 1027 2062 etiam

103 2099 218 2165 invitat
246 2107 342 2182 atque
367 2095 492 2160 allectat
518 2105 669 2161 senectus.
715 2094 783 2161 Ubi
811 2096 893 2161 enim
921 2108 1029 2180 potest

103 2199 157 2264 illa
171 2209 244 2264 aetas
258 2209 313 2264 aut
327 2197 476 2272 calescere
490 2195 541 2261 vel
555 2195 743 2281 apricatione
753 2195 874 2271 melius,
886 2197 937 2261 vel
947 2197 1027 2283 igni,

105 2311 161 2364 aut
182 2300 316 2366 vicissim
340 2297 458 2362 umbris
483 2297 613 2382 aquisve
631 2288 819 2383 ¹refrigerari
847 2297 1029 2364 salubrius?

105 2405 158 2464 58.
184 2399 251 2465 Sibi
265 2399 363 2485 igitur
382 2397 517 2462 habeant
531 2419 626 2473 arma,
642 2397 701 2461 sibi
715 2418 822 2480 equos,
836 2396 895 2461 sibi
910 2397 1027 2476 hastas,

105 2498 164 2562 sibi
175 2498 302 2573 clavam,
315 2495 373 2560 sibi
384 2495 488 2581 pilam,
500 2496 560 2562 sibi
569 2496 743 2560 natationes
754 2504 786 2560 et
797 2517 919 2573 cursus3
935 2499 1028 2563 nobis

105 2595 230 2661 senibus
258 2617 297 2660 ex
324 2594 496 2659 lusionibus
523 2594 631 2659 multis
665 2593 745 2658 talos
779 2593 958 2676 relinquant
996 2609 1030 2662 et

105 2706 256 2761 tesseras:
279 2695 313 2760 id
331 2695 433 2780 ipsum
455 2704 559 2760 tamen
574 2707 611 2759 ut
626 2694 767 2772 lubebit3
791 2694 937 2779 quoniam
959 2697 1030 2763 sind

104 2797 154 2862 his
167 2798 258 2862 beata
272 2817 338 2861 esse
353 2805 495 2860 senectus
509 2803 621 2880 potest.

148 2995 266 3063 XVII.
290 3000 342 3064 59.
361 2994 483 3060 Multas
508 2993 616 3058 adres
636 2993 784 3078 perutiles
803 2994 1029 3083 Xenophontis

104 3097 178 3162 libri
202 3106 292 3162 sunt:
320 3118 398 3181 quos
422 3095 526 3182 legite,
550 3117 664 3179 quaeso,
685 3095 830 3172 studiose,
850 3106 888 3162 ut
912 3097 1028 3165 facitis.

106 3196 212 3280 Quam
240 3196 361 3282 copiose
393 3199 432 3261 ab
467 3217 504 3259 co
535 3195 724 3280 agricultura
755 3195 899 3261 laudatur
926 3196 959 3259 in
992 3221 1058 3279 eo,

104 3297 193 3372 libro,
211 3295 267 3380 qui
280 3306 328 3362 est
342 3297 381 3361 de
395 3294 511 3359 tuendi
524 3317 559 3359 re
573 3294 726 3371 familiari,
742 3295 798 3378 qui
817 3297 1031 3362 OEcoaomr‘cur

103 3395 299 3462 inscribiturl
333 3394 453 3478 Atque,
469 3404 506 3459 ut
517 3394 697 3480 intelligatis
711 3394 789 3458 nihil
799 3395 828 3460 ei
842 3405 908 3460 tam
921 3398 1031 3482 regale

104 3495 211 3575 rideri,
238 3496 333 3582 quim
357 3494 494 3561 studium
518 3495 584 3582 agri
609 3493 738 3573 colendi,
762 3494 902 3562 Socrates
927 3495 960 3560 in
992 3521 1032 3565 eo
