2258 3916
102 216 141 278 74
303 281 306 286 ,
492 215 667 279 LAELIUS.

100 381 185 446 isset.
233 379 285 448 Sio
309 391 422 448 natura
446 381 620 449 solitarium
647 381 726 447 nihil
743 392 836 458 amat,
853 405 1040 470 semperque

101 486 141 550 ad
155 485 283 569 aliquod
298 495 458 570 tamquam
473 485 696 551 adminiculum
709 484 881 561 annititur3
904 485 989 570 quod
1004 487 1040 552 in

101 588 286 655 amicissimo
301 610 428 674 quoque
443 588 656 654 dulcissimum
671 599 727 655 est

145 792 283 859 XXIV.
310 791 373 860 Sed
398 815 497 877 quum
520 800 568 856 tot
591 790 688 876 signis
716 790 824 856 eadem
849 800 962 856 natura
981 791 1037 858 de-

100 899 196 965 claret
224 895 301 981 quid
326 895 414 972 velit,
430 895 586 979 anquirat,
603 915 640 958 ao
664 893 828 970 desideret,
843 893 1038 960 obsurdesoi·

99 1023 170 1066 mus
184 1008 288 1063 tamen
303 997 406 1088 neseio
421 996 588 1083 quomodd,
604 1018 663 1062 nee
677 1017 724 1072 ee,
740 1018 811 1082 quae
825 997 865 1060 ab
876 995 913 1061 ed
927 1019 1037 1063 mone·

98 1123 180 1176 mur,
196 1097 347 1163 audimus.
394 1097 455 1162 Est
478 1096 563 1161 enim
583 1094 688 1161 varius
710 1105 742 1160 et
767 1092 933 1180 multiplex
958 1118 1037 1162 usus

99 1199 251 1277 amieitiae,
267 1198 438 1282 multaeque
460 1218 560 1262 eausae
581 1195 794 1281 suspicionum
813 1195 1036 1263 offensionum·

100 1324 169 1387 que.
191 1302 325 1366 dantur:
357 1321 436 1383 quaa
461 1309 531 1364 tum
556 1298 685 1375 evitare,
710 1307 780 1362 tum
809 1297 939 1375 elevare,
963 1308 1035 1365 tum

98 1404 189 1480 ferre,
206 1401 353 1488 sapientis
367 1412 423 1467 est.
465 1401 542 1466 Una
555 1400 610 1464 illa
624 1400 817 1466 sublevanda
829 1400 959 1469 offensio
974 1415 1033 1480 est,

98 1516 136 1568 ut
155 1514 188 1568 et
202 1504 318 1569 veritas
331 1503 365 1566 in
381 1500 518 1566 amicitid
537 1512 570 1567 et
591 1501 669 1566 fides
690 1501 882 1568 retineaturr
906 1525 980 1568 nam
1001 1515 1034 1570 et

98 1603 245 1683 monendi
273 1603 365 1668 emioi
393 1625 474 1688 saepe
499 1614 585 1678 sunt,
612 1613 646 1668 et
674 1603 879 1690 objurgandi3
903 1615 939 1671 et
966 1605 1034 1674 haee

98 1706 277 1792 aooipiends
304 1705 413 1782 amine,
440 1727 539 1789 quum
568 1704 717 1771 benevole
745 1706 837 1774 fiunt.
892 1711 943 1772 89.
967 1706 1033 1775 Sed

98 1808 204 1874 neseio
218 1807 373 1892 quomodd
388 1830 497 1874 verum
517 1817 574 1884 est,
587 1808 672 1891 quod
687 1807 721 1874 in
734 1809 859 1875 Audn'd
872 1808 1033 1877 familiaris

97 1931 186 1978 meus
200 1910 294 1977 dieite

234 2054 413 2140 Obsequium
429 2055 550 2129 amicos,
567 2054 678 2116 veritur
693 2054 793 2116 odium
805 2056 899 2138 parit.

97 2199 236 2269 Molesta
250 2204 374 2280 veritas,
384 2202 538 2288 siquidem
552 2225 594 2270 ex
609 2203 646 2268 ed
660 2202 799 2268 nasoitur
813 2202 930 2281 odium,
943 2205 1030 2288 quod

97 2312 146 2366 est
158 2326 314 2369 venenum
334 2304 494 2370 amicitia:
518 2304 572 2370 sed
591 2303 776 2388 obsequium
797 2304 897 2371 multd
917 2307 1031 2374 moles·

97 2405 171 2479 tius,
198 2405 283 2488 quod
311 2404 445 2490 petentis
474 2404 641 2490 indulgens
669 2405 859 2491 praeeipitem
891 2408 1028 2475 amioum

96 2505 172 2569 ferri
197 2505 288 2569 sinite
312 2506 447 2590 maxima
470 2516 575 2572 autem
601 2506 693 2591 eulpa
715 2506 749 2570 in
775 2530 812 2574 eo
838 2518 896 2585 est,
912 2509 968 2593 qui
995 2521 1030 2580 et

96 2605 260 2671 veritatem
281 2620 475 2692 aspernatur,
490 2618 522 2673 et
542 2607 578 2698 ‘in
597 2607 739 2672 fraudem
753 2609 903 2693 obsequio
916 2609 1029 2696 impel·.

95 2709 181 2774 litur.
227 2707 338 2774 Omnis
359 2709 457 2795 igitur
478 2710 536 2776 hta
557 2710 591 2774 in
609 2731 643 2775 re
657 2709 797 2776 habenda
812 2711 893 2777 ratio
908 2724 941 2777 et
955 2712 1029 2778 dili·

95 2810 202 2896 gentio
216 2823 263 2877 est
271 2835 280 2888 3
304 2811 448 2898 primum,
465 2824 502 2879 ut
523 2812 693 2879 admonitio
707 2814 888 2893 acerbitate,
902 2814 1026 2895 deinde,

96 2912 272 2999 objurgatio
296 2915 484 2980 oontumelid
510 2926 621 2983 careat
676 2914 717 2980 Iu
742 2914 891 3000 obsequio
919 2928 1028 2983 autem

95 3015 302 3099 -quoniam
332 3017 519 3083 Terentiano
548 3019 645 3083 verbo
674 3017 819 3083 lubenter
848 3017 968 3084 utimur
982 3057 1027 3072 -

95 3117 223 3182 comitas
247 3118 347 3193 adsit3
369 3119 547 3194 assentatio,
569 3116 718 3183 vitiorum
743 3118 890 3203 adjutrix,
915 3121 1027 3206 prooul

95 3228 284 3294 amoveatur,
301 3240 370 3302 qum
384 3240 448 3282 non
462 3218 553 3284 modd
567 3218 677 3293 amieo,
693 3218 747 3283 sed
769 3241 810 3286 ne
831 3220 931 3286 libero
953 3223 1027 3308 qui·

95 3318 166 3384 dem
180 3319 275 3406 digna
288 3330 355 3385 est:
383 3319 475 3385 aliter
496 3320 578 3385 enim
600 3342 672 3385 oum
686 3330 831 3404 tyranno,
846 3323 938 3389 aliter
951 3347 1026 3392 oum

94 3420 193 3486 amieo
204 3421 329 3487 vivitur.
364 3425 414 3486 90.
432 3419 532 3505 Cujus
547 3432 652 3486 autem
666 3443 757 3487 aures
772 3423 897 3491 veritati
911 3424 1024 3492 elausae

93 3532 178 3598 sunt,
194 3532 230 3587 ut
244 3523 285 3588 ab
299 3522 398 3589 amieo
413 3545 520 3588 verum
535 3522 642 3589 audire
663 3536 809 3610 nequeat,
825 3524 919 3612 hujus
938 3525 1024 3595 salus
