<?xml version="1.0" encoding="UTF-8"?>
<!DOCTYPE html PUBLIC "-//W3C//DTD XHTML 1.0 Transitional//EN"
    "http://www.w3.org/TR/xhtml1/DTD/xhtml1-transitional.dtd">
<html xmlns="http://www.w3.org/1999/xhtml" xml:lang="en" lang="en">
 <head>
  <title>
</title>
<meta http-equiv="Content-Type" content="text/html;charset=utf-8" />
  <meta name='ocr-system' content='tesseract 3.04.00' />
  <meta name='ocr-capabilities' content='ocr_page ocr_carea ocr_par ocr_line ocrx_word'/>
</head>
<body>
  <div class='ocr_page' id='page_1' title='image "./ciceroscatomajo00whitgoog_0088.png"; bbox 0 0 2258 3916; ppageno 0'>
   <div class='ocr_carea' id='block_1_1' title="bbox 458 213 1033 275">
    <p class='ocr_par' dir='ltr' id='par_1_1' title="bbox 458 213 1033 275">
     <span class='ocr_line' id='line_1_1' title="bbox 458 213 1033 275; baseline 0.003 -2"><span class='ocrx_word' id='word_1_1' title='bbox 458 213 547 273; x_wconf 83' lang='lat' dir='ltr'><strong>CAP.</strong></span> <span class='ocrx_word' id='word_1_2' title='bbox 568 213 625 272; x_wconf 86' lang='lat' dir='ltr'><strong>IX.</strong></span> <span class='ocrx_word' id='word_1_3' title='bbox 646 214 683 272; x_wconf 85' lang='lat' dir='ltr'><strong>X.</strong></span> <span class='ocrx_word' id='word_1_4' title='bbox 995 219 1033 275; x_wconf 79' lang='lat'><strong>53</strong></span> 
     </span>
    </p>
   </div>
   <div class='ocr_carea' id='block_1_2' title="bbox 97 378 1034 2440">
    <p class='ocr_par' dir='ltr' id='par_1_2' title="bbox 97 378 1034 2039">
     <span class='ocr_line' id='line_1_2' title="bbox 104 378 1034 466; baseline 0.004 -26"><span class='ocrx_word' id='word_1_5' title='bbox 104 398 174 441; x_wconf 89' lang='lat' dir='ltr'><strong>suas</strong></span> <span class='ocrx_word' id='word_1_6' title='bbox 196 399 301 443; x_wconf 86' lang='lat' dir='ltr'><strong>omnes</strong></span> <span class='ocrx_word' id='word_1_7' title='bbox 323 381 527 466; x_wconf 84' lang='lat' dir='ltr'><strong>cogitationes</strong></span> <span class='ocrx_word' id='word_1_8' title='bbox 549 381 731 465; x_wconf 89' lang='lat' dir='ltr'><strong>abjecerunt</strong></span> <span class='ocrx_word' id='word_1_9' title='bbox 747 378 781 444; x_wconf 91' lang='lat' dir='ltr'><strong>in</strong></span> <span class='ocrx_word' id='word_1_10' title='bbox 804 403 869 444; x_wconf 83' lang='lat' dir='ltr'><strong>reru</strong></span> <span class='ocrx_word' id='word_1_11' title='bbox 890 391 955 444; x_wconf 85' lang='lat' dir='ltr'><strong>tam</strong></span> <span class='ocrx_word' id='word_1_12' title='bbox 975 381 1034 444; x_wconf 80' lang='lat' dir='ltr'><strong>hu·</strong></span> 
     </span>
     <span class='ocr_line' id='line_1_3' title="bbox 103 476 1032 563; baseline 0.006 -25"><span class='ocrx_word' id='word_1_13' title='bbox 103 476 207 541; x_wconf 91' lang='lat' dir='ltr'><strong>milem</strong></span> <span class='ocrx_word' id='word_1_14' title='bbox 223 489 351 562; x_wconf 87' lang='lat' dir='ltr'><strong>tamque</strong></span> <span class='ocrx_word' id='word_1_15' title='bbox 362 493 561 544; x_wconf 89' lang='lat' dir='ltr'><strong>contemtam.</strong></span> <span class='ocrx_word' id='word_1_16' title='bbox 612 478 823 560; x_wconf 82' lang='lat' dir='ltr'><strong>Quamobrem</strong></span> <span class='ocrx_word' id='word_1_17' title='bbox 840 480 894 544; x_wconf 85' lang='lat' dir='ltr'><strong>hos</strong></span> <span class='ocrx_word' id='word_1_18' title='bbox 907 480 1032 563; x_wconf 90' lang='lat' dir='ltr'><strong>quidem</strong></span> 
     </span>
     <span class='ocr_line' id='line_1_4' title="bbox 103 575 1031 663; baseline 0.008 -26"><span class='ocrx_word' id='word_1_19' title='bbox 103 577 142 638; x_wconf 89' lang='lat' dir='ltr'><strong>ab</strong></span> <span class='ocrx_word' id='word_1_20' title='bbox 157 575 216 640; x_wconf 90' lang='lat' dir='ltr'><strong>hoc</strong></span> <span class='ocrx_word' id='word_1_21' title='bbox 230 600 369 643; x_wconf 85' lang='lat' dir='ltr'><strong>sermone</strong></span> <span class='ocrx_word' id='word_1_22' title='bbox 381 600 609 642; x_wconf 85' lang='lat' dir='ltr'><strong>removeamus:</strong></span> <span class='ocrx_word' id='word_1_23' title='bbox 635 578 695 662; x_wconf 91' lang='lat' dir='ltr'><strong>ipsi</strong></span> <span class='ocrx_word' id='word_1_24' title='bbox 707 591 811 642; x_wconf 89' lang='lat' dir='ltr'><strong>autem</strong></span> <span class='ocrx_word' id='word_1_25' title='bbox 821 579 1031 663; x_wconf 84' lang='lat' dir='ltr'><strong>intelligamus</strong></span> 
     </span>
     <span class='ocr_line' id='line_1_5' title="bbox 102 679 1032 765; baseline 0.006 -26"><span class='ocrx_word' id='word_1_26' title='bbox 102 679 215 742; x_wconf 66' lang='lat' dir='ltr'><strong>natura</strong></span> <span class='ocrx_word' id='word_1_27' title='bbox 236 681 324 764; x_wconf 82' lang='lat' dir='ltr'>gigni</span> <span class='ocrx_word' id='word_1_28' title='bbox 346 703 469 745; x_wconf 89' lang='lat' dir='ltr'><strong>sensum</strong></span> <span class='ocrx_word' id='word_1_29' title='bbox 490 679 638 765; x_wconf 85' lang='lat' dir='ltr'><strong>diligendi</strong></span> <span class='ocrx_word' id='word_1_30' title='bbox 659 690 692 744; x_wconf 90' lang='lat' dir='ltr'><strong>et</strong></span> <span class='ocrx_word' id='word_1_31' title='bbox 715 681 935 745; x_wconf 88' lang='lat' dir='ltr'><strong>benevolentiae</strong></span> <span class='ocrx_word' id='word_1_32' title='bbox 955 683 1032 746; x_wconf 87' lang='lat' dir='ltr'><strong>cari-</strong></span> 
     </span>
     <span class='ocr_line' id='line_1_6' title="bbox 102 779 1032 867; baseline 0.009 -28"><span class='ocrx_word' id='word_1_33' title='bbox 102 788 210 853; x_wconf 89' lang='lat' dir='ltr'><strong>tatem,</strong></span> <span class='ocrx_word' id='word_1_34' title='bbox 225 779 308 843; x_wconf 70' lang='lat' dir='ltr'><strong>facta</strong></span> <span class='ocrx_word' id='word_1_35' title='bbox 322 781 545 864; x_wconf 86' lang='lat' dir='ltr'><strong>significatione</strong></span> <span class='ocrx_word' id='word_1_36' title='bbox 567 781 740 865; x_wconf 84' lang='lat' dir='ltr'><strong>probitatis.</strong></span> <span class='ocrx_word' id='word_1_37' title='bbox 788 781 892 862; x_wconf 82' lang='lat' dir='ltr'><strong>Quam</strong></span> <span class='ocrx_word' id='word_1_38' title='bbox 908 782 964 866; x_wconf 94' lang='lat' dir='ltr'><strong>qui</strong></span> <span class='ocrx_word' id='word_1_39' title='bbox 977 805 1032 867; x_wconf 89' lang='lat' dir='ltr'><strong>ap·</strong></span> 
     </span>
     <span class='ocr_line' id='line_1_7' title="bbox 101 880 1031 965; baseline 0.006 -24"><span class='ocrx_word' id='word_1_40' title='bbox 101 880 292 961; x_wconf 87' lang='lat' dir='ltr'><strong>petiverunt,</strong></span> <span class='ocrx_word' id='word_1_41' title='bbox 308 881 463 965; x_wconf 87' lang='lat' dir='ltr'><strong>applicant</strong></span> <span class='ocrx_word' id='word_1_42' title='bbox 483 904 549 945; x_wconf 89' lang='lat' dir='ltr'><strong>sese</strong></span> <span class='ocrx_word' id='word_1_43' title='bbox 569 891 601 944; x_wconf 91' lang='lat' dir='ltr'><strong>et</strong></span> <span class='ocrx_word' id='word_1_44' title='bbox 615 881 741 965; x_wconf 78' lang='lat' dir='ltr'><strong>propibs</strong></span> <span class='ocrx_word' id='word_1_45' title='bbox 755 881 931 958; x_wconf 88' lang='lat' dir='ltr'><strong>admovent,</strong></span> <span class='ocrx_word' id='word_1_46' title='bbox 948 893 1031 947; x_wconf 90' lang='lat' dir='ltr'><strong>utet</strong></span> 
     </span>
     <span class='ocr_line' id='line_1_8' title="bbox 101 969 1031 1064; baseline 0.008 -24"><span class='ocrx_word' id='word_1_47' title='bbox 101 1000 161 1040; x_wconf 89' lang='lat' dir='ltr'><strong>usu</strong></span> <span class='ocrx_word' id='word_1_48' title='bbox 184 979 258 1061; x_wconf 91' lang='lat' dir='ltr'><strong>ejus,</strong></span> <span class='ocrx_word' id='word_1_49' title='bbox 276 1001 370 1061; x_wconf 90' lang='lat' dir='ltr'><strong>quem</strong></span> <span class='ocrx_word' id='word_1_50' title='bbox 392 980 520 1064; x_wconf 86' lang='lat' dir='ltr'><strong>diligere</strong></span> <span class='ocrx_word' id='word_1_51' title='bbox 540 990 709 1064; x_wconf 76' lang='lat' dir='ltr'><strong>coeperunt,</strong></span> <span class='ocrx_word' id='word_1_52' title='bbox 731 980 886 1056; x_wconf 81' lang='lat' dir='ltr'><strong>fruantur,</strong></span> <span class='ocrx_word' id='word_1_53' title='bbox 909 994 942 1046; x_wconf 88' lang='lat' dir='ltr'><strong>ct</strong></span> <span class='ocrx_word' id='word_1_54' title='bbox 964 969 1031 1047; x_wconf 84' lang='lat' dir='ltr'><strong>mo·</strong></span> 
     </span>
     <span class='ocr_line' id='line_1_9' title="bbox 101 1078 1030 1168; baseline 0.006 -28"><span class='ocrx_word' id='word_1_55' title='bbox 101 1078 205 1154; x_wconf 84' lang='lat' dir='ltr'><strong>ribus3</strong></span> <span class='ocrx_word' id='word_1_56' title='bbox 237 1079 363 1162; x_wconf 85' lang='lat' dir='ltr'><strong>sintque</strong></span> <span class='ocrx_word' id='word_1_57' title='bbox 385 1103 473 1164; x_wconf 87' lang='lat' dir='ltr'><strong>pares</strong></span> <span class='ocrx_word' id='word_1_58' title='bbox 497 1081 529 1143; x_wconf 91' lang='lat' dir='ltr'><strong>in</strong></span> <span class='ocrx_word' id='word_1_59' title='bbox 555 1102 659 1144; x_wconf 90' lang='lat' dir='ltr'><strong>amore</strong></span> <span class='ocrx_word' id='word_1_60' title='bbox 680 1092 712 1144; x_wconf 91' lang='lat' dir='ltr'><strong>et</strong></span> <span class='ocrx_word' id='word_1_61' title='bbox 735 1082 877 1163; x_wconf 77' lang='lat' dir='ltr'><strong>aequales,</strong></span> <span class='ocrx_word' id='word_1_62' title='bbox 898 1105 1030 1168; x_wconf 91' lang='lat' dir='ltr'><strong>propen-</strong></span> 
     </span>
     <span class='ocr_line' id='line_1_10' title="bbox 101 1176 1028 1264; baseline 0.004 -24"><span class='ocrx_word' id='word_1_63' title='bbox 101 1176 259 1260; x_wconf 89' lang='lat' dir='ltr'><strong>sioresque</strong></span> <span class='ocrx_word' id='word_1_64' title='bbox 273 1178 313 1240; x_wconf 88' lang='lat' dir='ltr'><strong>ad</strong></span> <span class='ocrx_word' id='word_1_65' title='bbox 328 1179 406 1243; x_wconf 77' lang='lat' dir='ltr'><strong>bene</strong></span> <span class='ocrx_word' id='word_1_66' title='bbox 426 1179 614 1254; x_wconf 91' lang='lat' dir='ltr'><strong>merendum,</strong></span> <span class='ocrx_word' id='word_1_67' title='bbox 630 1180 725 1262; x_wconf 78' lang='lat' dir='ltr'><strong>quaim</strong></span> <span class='ocrx_word' id='word_1_68' title='bbox 743 1179 782 1243; x_wconf 86' lang='lat' dir='ltr'><strong>ad</strong></span> <span class='ocrx_word' id='word_1_69' title='bbox 797 1181 1028 1264; x_wconf 89' lang='lat' dir='ltr'><strong>reposcendum.</strong></span> 
     </span>
     <span class='ocr_line' id='line_1_11' title="bbox 101 1275 1030 1358; baseline 0.005 -20"><span class='ocrx_word' id='word_1_70' title='bbox 101 1275 214 1358; x_wconf 85' lang='lat' dir='ltr'><strong>Atque</strong></span> <span class='ocrx_word' id='word_1_71' title='bbox 236 1276 301 1341; x_wconf 88' lang='lat' dir='ltr'><strong>haec</strong></span> <span class='ocrx_word' id='word_1_72' title='bbox 327 1277 409 1341; x_wconf 86' lang='lat' dir='ltr'><strong>inter</strong></span> <span class='ocrx_word' id='word_1_73' title='bbox 438 1300 490 1342; x_wconf 90' lang='lat' dir='ltr'><strong>eos</strong></span> <span class='ocrx_word' id='word_1_74' title='bbox 516 1277 555 1342; x_wconf 92' lang='lat' dir='ltr'><strong>sit</strong></span> <span class='ocrx_word' id='word_1_75' title='bbox 581 1276 711 1342; x_wconf 89' lang='lat' dir='ltr'><strong>honesta</strong></span> <span class='ocrx_word' id='word_1_76' title='bbox 732 1278 872 1342; x_wconf 86' lang='lat' dir='ltr'><strong>certatio.</strong></span> <span class='ocrx_word' id='word_1_77' title='bbox 920 1277 972 1345; x_wconf 83' lang='lat' dir='ltr'><strong>Sic</strong></span> <span class='ocrx_word' id='word_1_78' title='bbox 997 1291 1030 1343; x_wconf 86' lang='lat' dir='ltr'><strong>et</strong></span> 
     </span>
     <span class='ocr_line' id='line_1_12' title="bbox 101 1375 1030 1462; baseline 0.004 -24"><span class='ocrx_word' id='word_1_79' title='bbox 101 1375 253 1440; x_wconf 79' lang='lat' dir='ltr'><strong>utilitates</strong></span> <span class='ocrx_word' id='word_1_80' title='bbox 268 1399 307 1440; x_wconf 87' lang='lat' dir='ltr'><strong>ex</strong></span> <span class='ocrx_word' id='word_1_81' title='bbox 327 1377 463 1442; x_wconf 79' lang='lat' dir='ltr'><strong>amicitid</strong></span> <span class='ocrx_word' id='word_1_82' title='bbox 484 1377 625 1440; x_wconf 88' lang='lat' dir='ltr'><strong>maximae</strong></span> <span class='ocrx_word' id='word_1_83' title='bbox 640 1377 802 1461; x_wconf 79' lang='lat' dir='ltr'><strong>capientur</strong></span> <span class='ocrx_word' id='word_1_84' title='bbox 810 1400 819 1452; x_wconf 86' lang='lat'>3</span> <span class='ocrx_word' id='word_1_85' title='bbox 844 1388 875 1442; x_wconf 92' lang='lat' dir='ltr'><strong>et</strong></span> <span class='ocrx_word' id='word_1_86' title='bbox 890 1378 949 1443; x_wconf 88' lang='lat' dir='ltr'><strong>erit</strong></span> <span class='ocrx_word' id='word_1_87' title='bbox 964 1379 1030 1462; x_wconf 88' lang='lat' dir='ltr'><strong>ejus</strong></span> 
     </span>
     <span class='ocr_line' id='line_1_13' title="bbox 100 1477 1030 1563; baseline 0.002 -22"><span class='ocrx_word' id='word_1_88' title='bbox 100 1487 188 1541; x_wconf 87' lang='lat' dir='ltr'><strong>ortus</strong></span> <span class='ocrx_word' id='word_1_89' title='bbox 212 1479 232 1542; x_wconf 74' lang='lat' dir='ltr'><strong>d</strong></span> <span class='ocrx_word' id='word_1_90' title='bbox 252 1479 373 1555; x_wconf 78' lang='lat' dir='ltr'><strong>naturd,</strong></span> <span class='ocrx_word' id='word_1_91' title='bbox 399 1479 494 1563; x_wconf 71' lang='lat' dir='ltr'><strong>quam</strong></span> <span class='ocrx_word' id='word_1_92' title='bbox 523 1480 562 1543; x_wconf 88' lang='lat' dir='ltr'><strong>ab</strong></span> <span class='ocrx_word' id='word_1_93' title='bbox 586 1477 808 1556; x_wconf 76' lang='lat' dir='ltr'><strong>imbecillitate,</strong></span> <span class='ocrx_word' id='word_1_94' title='bbox 838 1489 870 1542; x_wconf 89' lang='lat' dir='ltr'><strong>et</strong></span> <span class='ocrx_word' id='word_1_95' title='bbox 906 1481 1030 1563; x_wconf 87' lang='lat' dir='ltr'><strong>gravior</strong></span> 
     </span>
     <span class='ocr_line' id='line_1_14' title="bbox 101 1577 1028 1664; baseline 0.002 -23"><span class='ocrx_word' id='word_1_96' title='bbox 101 1588 133 1641; x_wconf 92' lang='lat' dir='ltr'><strong>et</strong></span> <span class='ocrx_word' id='word_1_97' title='bbox 155 1577 265 1642; x_wconf 85' lang='lat' dir='ltr'><strong>verior.</strong></span> <span class='ocrx_word' id='word_1_98' title='bbox 312 1577 397 1641; x_wconf 85' lang='lat' dir='ltr'><strong>Nam</strong></span> <span class='ocrx_word' id='word_1_99' title='bbox 420 1578 446 1641; x_wconf 88' lang='lat' dir='ltr'><strong>si</strong></span> <span class='ocrx_word' id='word_1_100' title='bbox 471 1577 591 1642; x_wconf 88' lang='lat' dir='ltr'><strong>utilitas</strong></span> <span class='ocrx_word' id='word_1_101' title='bbox 615 1577 766 1642; x_wconf 88' lang='lat' dir='ltr'><strong>amicitias</strong></span> <span class='ocrx_word' id='word_1_102' title='bbox 789 1579 1028 1664; x_wconf 84' lang='lat' dir='ltr'><strong>conglutinaret,</strong></span> 
     </span>
     <span class='ocr_line' id='line_1_15' title="bbox 100 1675 1031 1760; baseline 0.003 -21"><span class='ocrx_word' id='word_1_103' title='bbox 100 1675 207 1740; x_wconf 89' lang='lat' dir='ltr'><strong>eadem</strong></span> <span class='ocrx_word' id='word_1_104' title='bbox 222 1687 412 1741; x_wconf 84' lang='lat' dir='ltr'><strong>commutata</strong></span> <span class='ocrx_word' id='word_1_105' title='bbox 426 1676 605 1741; x_wconf 89' lang='lat' dir='ltr'><strong>dissolveret</strong></span> <span class='ocrx_word' id='word_1_106' title='bbox 617 1701 625 1758; x_wconf 71' lang='grc' dir='ltr'><strong>ς</strong></span> <span class='ocrx_word' id='word_1_107' title='bbox 643 1676 696 1740; x_wconf 89' lang='lat' dir='ltr'><strong>sed</strong></span> <span class='ocrx_word' id='word_1_108' title='bbox 708 1678 781 1760; x_wconf 86' lang='lat' dir='ltr'><strong>quia</strong></span> <span class='ocrx_word' id='word_1_109' title='bbox 792 1688 904 1742; x_wconf 87' lang='lat' dir='ltr'><strong>natura</strong></span> <span class='ocrx_word' id='word_1_110' title='bbox 915 1680 1031 1742; x_wconf 89' lang='lat' dir='ltr'><strong>mutari</strong></span> 
     </span>
     <span class='ocr_line' id='line_1_16' title="bbox 98 1775 1028 1860; baseline 0.003 -23"><span class='ocrx_word' id='word_1_111' title='bbox 98 1796 163 1838; x_wconf 91' lang='lat' dir='ltr'><strong>non</strong></span> <span class='ocrx_word' id='word_1_112' title='bbox 186 1785 298 1859; x_wconf 88' lang='lat' dir='ltr'><strong>potest,</strong></span> <span class='ocrx_word' id='word_1_113' title='bbox 325 1775 439 1840; x_wconf 92' lang='lat' dir='ltr'><strong>idcirco</strong></span> <span class='ocrx_word' id='word_1_114' title='bbox 460 1798 539 1839; x_wconf 86' lang='lat' dir='ltr'><strong>verae</strong></span> <span class='ocrx_word' id='word_1_115' title='bbox 565 1775 707 1840; x_wconf 87' lang='lat' dir='ltr'><strong>amicitiae</strong></span> <span class='ocrx_word' id='word_1_116' title='bbox 729 1776 923 1860; x_wconf 82' lang='lat' dir='ltr'><strong>sempiternae</strong></span> <span class='ocrx_word' id='word_1_117' title='bbox 946 1790 1028 1840; x_wconf 88' lang='lat' dir='ltr'><strong>sunt.</strong></span> 
     </span>
     <span class='ocr_line' id='line_1_17' title="bbox 97 1872 1032 1958; baseline 0 -20"><span class='ocrx_word' id='word_1_118' title='bbox 97 1872 216 1938; x_wconf 58' lang='lat' dir='ltr'><strong>&gt;Ortum</strong></span> <span class='ocrx_word' id='word_1_119' title='bbox 239 1875 365 1958; x_wconf 89' lang='lat' dir='ltr'><strong>quidem</strong></span> <span class='ocrx_word' id='word_1_120' title='bbox 388 1875 530 1939; x_wconf 87' lang='lat' dir='ltr'><strong>amicitiae</strong></span> <span class='ocrx_word' id='word_1_121' title='bbox 557 1875 679 1951; x_wconf 88' lang='lat' dir='ltr'><strong>videtis,</strong></span> <span class='ocrx_word' id='word_1_122' title='bbox 708 1875 768 1940; x_wconf 87' lang='lat' dir='ltr'><strong>nisi</strong></span> <span class='ocrx_word' id='word_1_123' title='bbox 798 1875 874 1957; x_wconf 91' lang='lat' dir='ltr'><strong>quid</strong></span> <span class='ocrx_word' id='word_1_124' title='bbox 900 1876 938 1939; x_wconf 89' lang='lat' dir='ltr'><strong>ad</strong></span> <span class='ocrx_word' id='word_1_125' title='bbox 964 1876 1032 1939; x_wconf 86' lang='lat' dir='ltr'><strong>haec&#39;</strong></span> 
     </span>
     <span class='ocr_line' id='line_1_18' title="bbox 98 1973 298 2039; baseline 0.005 -2"><span class='ocrx_word' id='word_1_126' title='bbox 98 1973 180 2039; x_wconf 74' lang='lat' dir='ltr'><strong>forte</strong></span> <span class='ocrx_word' id='word_1_127' title='bbox 194 1975 298 2039; x_wconf 90' lang='lat' dir='ltr'><strong>vultis.</strong></span> 
     </span>
    </p>

    <p class='ocr_par' dir='ltr' id='par_1_3' title="bbox 97 2073 1030 2260">
     <span class='ocr_line' id='line_1_19' title="bbox 143 2073 1030 2160; baseline 0.003 -22"><span class='ocrx_word' id='word_1_128' title='bbox 143 2075 314 2139; x_wconf 69' lang='lat' dir='ltr'><strong>Parmos·</strong></span> <span class='ocrx_word' id='word_1_129' title='bbox 340 2073 391 2139; x_wconf 89' lang='lat' dir='ltr'><strong>Tu</strong></span> <span class='ocrx_word' id='word_1_130' title='bbox 405 2074 478 2139; x_wconf 80' lang='lat' dir='ltr'><strong>verb</strong></span> <span class='ocrx_word' id='word_1_131' title='bbox 493 2097 595 2159; x_wconf 83' lang='lat' dir='ltr'><strong>perge,</strong></span> <span class='ocrx_word' id='word_1_132' title='bbox 609 2075 707 2138; x_wconf 85' lang='lat' dir='ltr'><strong>Laeli:</strong></span> <span class='ocrx_word' id='word_1_133' title='bbox 724 2097 780 2159; x_wconf 89' lang='lat' dir='ltr'><strong>pro</strong></span> <span class='ocrx_word' id='word_1_134' title='bbox 795 2075 853 2140; x_wconf 91' lang='lat' dir='ltr'><strong>hoc</strong></span> <span class='ocrx_word' id='word_1_135' title='bbox 868 2076 961 2152; x_wconf 91' lang='lat' dir='ltr'><strong>enim,</strong></span> <span class='ocrx_word' id='word_1_136' title='bbox 975 2077 1030 2160; x_wconf 92' lang='lat' dir='ltr'><strong>qui</strong></span> 
     </span>
     <span class='ocr_line' id='line_1_20' title="bbox 97 2175 753 2260; baseline -0.002 -20"><span class='ocrx_word' id='word_1_137' title='bbox 97 2176 199 2240; x_wconf 90' lang='lat' dir='ltr'><strong>minor</strong></span> <span class='ocrx_word' id='word_1_138' title='bbox 223 2185 270 2239; x_wconf 87' lang='lat' dir='ltr'><strong>est</strong></span> <span class='ocrx_word' id='word_1_139' title='bbox 290 2185 377 2250; x_wconf 88' lang='lat' dir='ltr'><strong>natu,</strong></span> <span class='ocrx_word' id='word_1_140' title='bbox 396 2197 465 2239; x_wconf 91' lang='lat' dir='ltr'><strong>meo</strong></span> <span class='ocrx_word' id='word_1_141' title='bbox 483 2176 555 2258; x_wconf 88' lang='lat' dir='ltr'><strong>jure</strong></span> <span class='ocrx_word' id='word_1_142' title='bbox 575 2175 753 2260; x_wconf 89' lang='lat' dir='ltr'><strong>respondeo.</strong></span> 
     </span>
    </p>

    <p class='ocr_par' dir='ltr' id='par_1_4' title="bbox 97 2274 1030 2440">
     <span class='ocr_line' id='line_1_21' title="bbox 143 2274 1030 2360; baseline 0.001 -21"><span class='ocrx_word' id='word_1_143' title='bbox 143 2281 193 2339; x_wconf 88' lang='grc'><strong>33.</strong></span> <span class='ocrx_word' id='word_1_144' title='bbox 221 2275 403 2341; x_wconf 75' lang='lat' dir='ltr'><strong>Scmvonn.</strong></span> <span class='ocrx_word' id='word_1_145' title='bbox 435 2274 535 2339; x_wconf 76' lang='lat' dir='ltr'><strong>Recte</strong></span> <span class='ocrx_word' id='word_1_146' title='bbox 548 2287 583 2339; x_wconf 88' lang='lat' dir='ltr'><strong>tu</strong></span> <span class='ocrx_word' id='word_1_147' title='bbox 599 2276 744 2360; x_wconf 86' lang='lat' dir='ltr'><strong>quidem:</strong></span> <span class='ocrx_word' id='word_1_148' title='bbox 763 2278 963 2360; x_wconf 83' lang='lat' dir='ltr'><strong>quamobrem</strong></span> <span class='ocrx_word' id='word_1_149' title='bbox 975 2301 1030 2341; x_wconf 87' lang='lat' dir='ltr'><strong>au·</strong></span> 
     </span>
     <span class='ocr_line' id='line_1_22' title="bbox 97 2376 228 2440; baseline -0.008 -1"><span class='ocrx_word' id='word_1_150' title='bbox 97 2376 228 2440; x_wconf 80' lang='lat' dir='ltr'><strong>‹liamus</strong></span> 
     </span>
    </p>
   </div>
   <div class='ocr_carea' id='block_1_3' title="bbox 96 2576 1064 3468">
    <p class='ocr_par' dir='ltr' id='par_1_5' title="bbox 96 2576 1064 3468">
     <span class='ocr_line' id='line_1_23' title="bbox 141 2576 1032 2664; baseline 0.002 -23"><span class='ocrx_word' id='word_1_151' title='bbox 141 2576 187 2641; x_wconf 90' lang='lat' dir='ltr'><strong>X.</strong></span> <span class='ocrx_word' id='word_1_152' title='bbox 210 2576 365 2641; x_wconf 79' lang='lat' dir='ltr'><strong>LAELIUS.</strong></span> <span class='ocrx_word' id='word_1_153' title='bbox 399 2577 520 2641; x_wconf 90' lang='lat' dir='ltr'><strong>Audite</strong></span> <span class='ocrx_word' id='word_1_154' title='bbox 535 2577 618 2662; x_wconf 83' lang='lat' dir='ltr'><strong>ergo,</strong></span> <span class='ocrx_word' id='word_1_155' title='bbox 630 2577 740 2663; x_wconf 88' lang='lat' dir='ltr'><strong>optimi</strong></span> <span class='ocrx_word' id='word_1_156' title='bbox 756 2577 824 2654; x_wconf 90' lang='lat' dir='ltr'><strong>viri,</strong></span> <span class='ocrx_word' id='word_1_157' title='bbox 839 2600 875 2642; x_wconf 89' lang='lat' dir='ltr'><strong>ea</strong></span> <span class='ocrx_word' id='word_1_158' title='bbox 891 2602 960 2664; x_wconf 87' lang='lat' dir='ltr'><strong>quae</strong></span> <span class='ocrx_word' id='word_1_159' title='bbox 976 2604 1032 2643; x_wconf 87' lang='lat' dir='ltr'><strong>saa·</strong></span> 
     </span>
     <span class='ocr_line' id='line_1_24' title="bbox 97 2676 1031 2762; baseline 0.002 -22"><span class='ocrx_word' id='word_1_160' title='bbox 97 2677 221 2762; x_wconf 70' lang='lat' dir='ltr'><strong>pissime</strong></span> <span class='ocrx_word' id='word_1_161' title='bbox 240 2677 390 2740; x_wconf 86' lang='lat' dir='ltr'><strong>interme</strong></span> <span class='ocrx_word' id='word_1_162' title='bbox 412 2688 444 2741; x_wconf 89' lang='lat' dir='ltr'><strong>et</strong></span> <span class='ocrx_word' id='word_1_163' title='bbox 469 2676 645 2762; x_wconf 83' lang='lat' dir='ltr'><strong>Scipionem</strong></span> <span class='ocrx_word' id='word_1_164' title='bbox 671 2678 709 2742; x_wconf 89' lang='lat' dir='ltr'><strong>de</strong></span> <span class='ocrx_word' id='word_1_165' title='bbox 730 2678 880 2742; x_wconf 76' lang='lat' dir='ltr'><strong>Amicitia</strong></span> <span class='ocrx_word' id='word_1_166' title='bbox 902 2679 1031 2742; x_wconf 87' lang='lat' dir='ltr'><strong>dissere-</strong></span> 
     </span>
     <span class='ocr_line' id='line_1_25' title="bbox 97 2776 1031 2861; baseline 0.001 -22"><span class='ocrx_word' id='word_1_167' title='bbox 97 2776 221 2840; x_wconf 90' lang='lat' dir='ltr'><strong>bantur.</strong></span> <span class='ocrx_word' id='word_1_168' title='bbox 268 2776 469 2859; x_wconf 78' lang='lat' dir='ltr'><strong>Quamquam</strong></span> <span class='ocrx_word' id='word_1_169' title='bbox 484 2777 537 2841; x_wconf 91' lang='lat' dir='ltr'><strong>ille</strong></span> <span class='ocrx_word' id='word_1_170' title='bbox 553 2776 679 2861; x_wconf 90' lang='lat' dir='ltr'><strong>quidem</strong></span> <span class='ocrx_word' id='word_1_171' title='bbox 702 2777 779 2840; x_wconf 92' lang='lat' dir='ltr'><strong>nihil</strong></span> <span class='ocrx_word' id='word_1_172' title='bbox 794 2777 950 2842; x_wconf 90' lang='lat' dir='ltr'><strong>difficilius</strong></span> <span class='ocrx_word' id='word_1_173' title='bbox 966 2801 1031 2842; x_wconf 87' lang='lat' dir='ltr'><strong>esse</strong></span> 
     </span>
     <span class='ocr_line' id='line_1_26' title="bbox 97 2875 1032 2961; baseline 0.004 -23"><span class='ocrx_word' id='word_1_174' title='bbox 97 2875 229 2952; x_wconf 85' lang='lat' dir='ltr'><strong>dicebat,</strong></span> <span class='ocrx_word' id='word_1_175' title='bbox 259 2877 354 2959; x_wconf 74' lang='lat' dir='ltr'><strong>quam</strong></span> <span class='ocrx_word' id='word_1_176' title='bbox 380 2876 548 2940; x_wconf 88' lang='lat' dir='ltr'><strong>amicitiam</strong></span> <span class='ocrx_word' id='word_1_177' title='bbox 567 2899 668 2961; x_wconf 87' lang='lat' dir='ltr'><strong>usquc</strong></span> <span class='ocrx_word' id='word_1_178' title='bbox 693 2877 732 2941; x_wconf 91' lang='lat' dir='ltr'><strong>ad</strong></span> <span class='ocrx_word' id='word_1_179' title='bbox 758 2889 933 2942; x_wconf 87' lang='lat' dir='ltr'><strong>extremum</strong></span> <span class='ocrx_word' id='word_1_180' title='bbox 959 2880 1032 2942; x_wconf 85' lang='lat' dir='ltr'><strong>vitae</strong></span> 
     </span>
     <span class='ocr_line' id='line_1_27' title="bbox 97 2977 1031 3066; baseline 0.003 -27"><span class='ocrx_word' id='word_1_181' title='bbox 97 2998 286 3060; x_wconf 88' lang='lat' dir='ltr'><strong>permanere.</strong></span> <span class='ocrx_word' id='word_1_182' title='bbox 322 2977 355 3041; x_wconf 89' lang='lat' dir='ltr'>N</span> <span class='ocrx_word' id='word_1_183' title='bbox 356 3000 416 3053; x_wconf 87' lang='lat' dir='ltr'><strong>am,</strong></span> <span class='ocrx_word' id='word_1_184' title='bbox 433 2977 484 3042; x_wconf 86' lang='lat' dir='ltr'><strong>vel</strong></span> <span class='ocrx_word' id='word_1_185' title='bbox 494 2990 531 3042; x_wconf 92' lang='lat' dir='ltr'><strong>ut</strong></span> <span class='ocrx_word' id='word_1_186' title='bbox 546 3000 609 3041; x_wconf 90' lang='lat' dir='ltr'><strong>nou</strong></span> <span class='ocrx_word' id='word_1_187' title='bbox 624 2977 706 3041; x_wconf 88' lang='lat' dir='ltr'><strong>idem</strong></span> <span class='ocrx_word' id='word_1_188' title='bbox 721 2979 881 3063; x_wconf 80' lang='lat' dir='ltr'><strong>expediret</strong></span> <span class='ocrx_word' id='word_1_189' title='bbox 893 2979 1031 3066; x_wconf 90' lang='lat' dir='ltr'><strong>utrique,</strong></span> 
     </span>
     <span class='ocr_line' id='line_1_28' title="bbox 97 3077 1029 3163; baseline 0.002 -23"><span class='ocrx_word' id='word_1_190' title='bbox 97 3077 231 3142; x_wconf 89' lang='lat' dir='ltr'><strong>incidere</strong></span> <span class='ocrx_word' id='word_1_191' title='bbox 246 3101 336 3163; x_wconf 86' lang='lat' dir='ltr'><strong>saepe,</strong></span> <span class='ocrx_word' id='word_1_192' title='bbox 349 3077 400 3142; x_wconf 89' lang='lat' dir='ltr'><strong>vel</strong></span> <span class='ocrx_word' id='word_1_193' title='bbox 416 3088 451 3141; x_wconf 89' lang='lat' dir='ltr'><strong>ut</strong></span> <span class='ocrx_word' id='word_1_194' title='bbox 466 3077 505 3142; x_wconf 89' lang='lat' dir='ltr'><strong>de</strong></span> <span class='ocrx_word' id='word_1_195' title='bbox 520 3078 679 3162; x_wconf 68' lang='lat' dir='ltr'><strong>republica</strong></span> <span class='ocrx_word' id='word_1_196' title='bbox 692 3101 755 3142; x_wconf 91' lang='lat' dir='ltr'><strong>non</strong></span> <span class='ocrx_word' id='word_1_197' title='bbox 771 3078 852 3141; x_wconf 91' lang='lat' dir='ltr'><strong>idem</strong></span> <span class='ocrx_word' id='word_1_198' title='bbox 869 3078 1029 3144; x_wconf 87' lang='lat' dir='ltr'><strong>sentirent.</strong></span> 
     </span>
     <span class='ocr_line' id='line_1_29' title="bbox 98 3177 1034 3265; baseline 0.001 -25"><span class='ocrx_word' id='word_1_199' title='bbox 98 3177 220 3241; x_wconf 90' lang='lat' dir='ltr'><strong>Mutari</strong></span> <span class='ocrx_word' id='word_1_200' title='bbox 246 3179 341 3243; x_wconf 89' lang='lat' dir='ltr'><strong>etiam</strong></span> <span class='ocrx_word' id='word_1_201' title='bbox 370 3200 470 3243; x_wconf 86' lang='lat' dir='ltr'><strong>mores</strong></span> <span class='ocrx_word' id='word_1_202' title='bbox 499 3178 667 3243; x_wconf 86' lang='lat' dir='ltr'><strong>hominum¹</strong></span> <span class='ocrx_word' id='word_1_203' title='bbox 688 3201 767 3265; x_wconf 85' lang='lat' dir='ltr'><strong>saepe</strong></span> <span class='ocrx_word' id='word_1_204' title='bbox 794 3179 928 3256; x_wconf 87' lang='lat' dir='ltr'><strong>dicebat,</strong></span> <span class='ocrx_word' id='word_1_205' title='bbox 958 3178 1034 3242; x_wconf 70' lang='lat' dir='ltr'><strong>alias</strong></span> 
     </span>
     <span class='ocr_line' id='line_1_30' title="bbox 96 3276 1033 3364; baseline 0 -23"><span class='ocrx_word' id='word_1_206' title='bbox 96 3277 233 3342; x_wconf 85' lang='lat' dir='ltr'><strong>adversis</strong></span> <span class='ocrx_word' id='word_1_207' title='bbox 262 3277 365 3354; x_wconf 88' lang='lat' dir='ltr'><strong>rebus,</strong></span> <span class='ocrx_word' id='word_1_208' title='bbox 398 3279 472 3343; x_wconf 71' lang='lat' dir='ltr'><strong>alias</strong></span> <span class='ocrx_word' id='word_1_209' title='bbox 505 3289 597 3342; x_wconf 88' lang='lat' dir='ltr'><strong>aetate</strong></span> <span class='ocrx_word' id='word_1_210' title='bbox 629 3278 874 3364; x_wconf 87' lang='lat' dir='ltr'><strong>ingravescente.</strong></span> <span class='ocrx_word' id='word_1_211' title='bbox 922 3276 1033 3360; x_wconf 86' lang='lat' dir='ltr'><strong>Atque</strong></span> 
     </span>
     <span class='ocr_line' id='line_1_31' title="bbox 96 3377 1064 3468; baseline -0.003 -25"><span class='ocrx_word' id='word_1_212' title='bbox 96 3401 204 3443; x_wconf 86' lang='lat' dir='ltr'><strong>earum</strong></span> <span class='ocrx_word' id='word_1_213' title='bbox 234 3401 339 3443; x_wconf 91' lang='lat' dir='ltr'><strong>rerum</strong></span> <span class='ocrx_word' id='word_1_214' title='bbox 369 3379 546 3464; x_wconf 86' lang='lat' dir='ltr'><strong>exemplum</strong></span> <span class='ocrx_word' id='word_1_215' title='bbox 579 3401 619 3442; x_wconf 87' lang='lat' dir='ltr'><strong>ex</strong></span> <span class='ocrx_word' id='word_1_216' title='bbox 656 3378 861 3443; x_wconf 90' lang='lat' dir='ltr'><strong>similitudine</strong></span> <span class='ocrx_word' id='word_1_217' title='bbox 891 3377 1034 3461; x_wconf 89' lang='lat' dir='ltr'><strong>capiebat</strong></span> <span class='ocrx_word' id='word_1_218' title='bbox 1063 3465 1064 3468; x_wconf 8' lang='grc' dir='ltr'><strong>Ἴ</strong></span> 
     </span>
    </p>
   </div>
   <div class='ocr_carea' id='block_1_4' title="bbox 95 3479 1035 3632">
    <p class='ocr_par' dir='ltr' id='par_1_6' title="bbox 95 3479 1035 3632">
     <span class='ocr_line' id='line_1_32' title="bbox 95 3479 1035 3568; baseline -0.002 -24"><span class='ocrx_word' id='word_1_219' title='bbox 95 3480 233 3546; x_wconf 88' lang='lat' dir='ltr'><strong>ineuntis</strong></span> <span class='ocrx_word' id='word_1_220' title='bbox 252 3479 363 3559; x_wconf 85' lang='lat' dir='ltr'><strong>aetatis,</strong></span> <span class='ocrx_word' id='word_1_221' title='bbox 379 3480 465 3568; x_wconf 78' lang='lat' dir='ltr'><strong>quod</strong></span> <span class='ocrx_word' id='word_1_222' title='bbox 487 3479 601 3546; x_wconf 88' lang='lat' dir='ltr'><strong>summi</strong></span> <span class='ocrx_word' id='word_1_223' title='bbox 623 3502 792 3566; x_wconf 88' lang='lat' dir='ltr'><strong>puerorum</strong></span> <span class='ocrx_word' id='word_1_224' title='bbox 813 3499 932 3544; x_wconf 87' lang='lat' dir='ltr'><strong>amores</strong></span> <span class='ocrx_word' id='word_1_225' title='bbox 954 3500 1035 3565; x_wconf 87' lang='lat' dir='ltr'><strong>saepe</strong></span> 
     </span>
     <span class='ocr_line' id='line_1_33' title="bbox 533 3585 581 3632; baseline 0.042 -2"><span class='ocrx_word' id='word_1_226' title='bbox 533 3597 550 3630; x_wconf 81' lang='lat' dir='ltr'><strong>n</strong></span> <span class='ocrx_word' id='word_1_227' title='bbox 566 3585 581 3632; x_wconf 80' lang='lat'><em>8</em></span> 
     </span>
    </p>
   </div>
   <div class='ocr_carea' id='block_1_5' title="bbox 0 0 1134 3916">
    <p class='ocr_par' dir='ltr' id='par_1_7' title="bbox 0 0 1134 3916">
     <span class='ocr_line' id='line_1_34' title="bbox 0 0 1134 3916; baseline 0 1"><span class='ocrx_word' id='word_1_228' title='bbox 0 0 1134 3916; x_wconf 95' lang='lat' dir='ltr'><strong> </strong></span> 
     </span>
    </p>
   </div>
  </div>
 </body>
</html>
