2258 3916
461 223 551 284 CAP.
570 222 690 281 XXIII.
1000 225 1037 287 73

106 388 191 466 verb,
204 387 342 474 'quorum
357 387 527 473 cupiditate
542 387 668 472 quidam
683 387 925 465 inflammantur,
942 392 1037 474 quam

106 490 198 557 multi
219 491 265 555 ita
287 499 503 575 contemnunt,
520 501 556 555 ut
581 489 659 553 nibil
683 488 816 566 inanius,
832 490 912 554 nihil
925 490 1034 569 levius,

104 616 170 660 esse
202 591 400 659 existiment!
433 592 573 676 itemque
603 603 716 668 cetera,
748 615 818 677 quae
850 593 1036 677 quibusdam

105 693 296 758 admirabilia
315 692 471 767 videntur,
488 691 636 778 permulti
661 704 745 768 sunt,
767 692 823 776 qui
852 716 908 778 pro
938 694 1036 758 nihilo

104 805 217 882 putent
229 794 236 860 l
250 799 266 879 γ
281 794 332 860 De
347 793 484 859 amicitia
497 815 604 858 omnes
618 793 656 857 ad
672 816 772 859 unum
786 794 869 859 idem
884 794 1033 871 sentiunt,

103 909 136 964 et
159 899 182 964 ii
208 897 263 982 qui
288 897 328 963 ad
352 895 576 981 rempublicam
599 919 631 961 se
656 897 867 974 contulerunt,
882 908 915 963 et
937 898 960 960 ii
980 899 1039 982 qui

103 1022 208 1066 rerum
231 1000 408 1086 cognitione
435 999 639 1082 doctrinaque
661 999 865 1076 delectantur,
882 1011 914 1064 et
934 1000 956 1064 ii
979 1001 1036 1084 qui

102 1125 194 1168 suum
217 1102 379 1187 negotium
404 1111 520 1188 gerunt
545 1101 646 1177 otiosi,
676 1087 832 1187 postremo
861 1101 884 1165 ii
915 1102 971 1187 qui
1002 1126 1036 1168 se

102 1214 185 1270 totos
200 1203 395 1270 tradiderunt
411 1202 755 1287 voluptatibus-sine
776 1203 913 1269 amicitia
937 1205 1037 1268 vitam

103 1330 169 1372 esse
184 1307 302 1370 nullam
318 1304 468 1380 sentiunt,
484 1304 511 1368 si
531 1305 623 1370 modo
638 1305 738 1370 velint
759 1305 865 1389 aliqud
885 1328 925 1371 ex
947 1319 1034 1390 parte

101 1409 271 1474 liberaliter
285 1407 399 1472 vivere.
446 1412 498 1471 87.
518 1405 623 1492 Serpit
638 1407 732 1484 enlm,
747 1408 850 1473 nescio
866 1409 1033 1492 quomode,

102 1534 156 1596 per
170 1509 309 1577 omnium
324 1510 404 1572 vitas
418 1507 564 1584 amicitia,
580 1531 638 1573 nec
661 1508 756 1574 ullam
771 1510 871 1575 aetatis
886 1510 1034 1595 degendae

101 1613 251 1678 rationem
282 1610 402 1696 patitur
435 1631 502 1674 esse
535 1623 695 1694 expertem
731 1610 788 1675 sui.
851 1612 1034 1692 Quinetiam

101 1714 198 1799 siquis
222 1715 259 1779 ed
284 1713 449 1798 asperitate
466 1723 513 1776 est
534 1725 566 1776 et
589 1711 783 1778 immanitate
808 1725 936 1790 natura,
960 1736 1034 1778 con-

100 1839 224 1904 gressus
252 1828 290 1881 ut
317 1816 477 1880 bominum
506 1812 610 1898 fugiat
639 1824 737 1897 atque
766 1815 876 1892 oderit,
908 1816 1032 1898 qualem

100 1921 196 1985 fuisse
222 1918 359 1983 Athenis
386 1916 550 1981 Timonem
579 1917 682 1985 nescio
713 1938 806 2000 quem
836 1919 1030 2003 accepimus3

100 2035 204 2086 tamen
227 2020 253 2084 is
275 2019 341 2103 pati
362 2039 426 2082 non
443 2016 550 2102 possit,
566 2027 602 2082 ut
624 2040 688 2081 non
714 2018 860 2100 anquirat
884 2020 1030 2103 aliquem,

99 2122 182 2207 apud
199 2143 291 2204 quem
307 2130 430 2184 evomat
441 2119 527 2182 virus
542 2117 719 2182 acerbitatis
734 2142 805 2182 suae.
832 2121 957 2202 sAtque
973 2121 1032 2185 hoc

99 2222 233 2287 maxime
254 2222 460 2304 judicaretur,
478 2219 503 2284 si
526 2219 603 2302 quid
624 2219 687 2284 tale
709 2233 813 2305 posset
839 2223 1030 2306 contingere,

98 2338 136 2389 ut
151 2323 263 2410 aliquis
278 2347 334 2388 nos
350 2323 439 2387 Deus
461 2345 501 2387 ex
522 2322 581 2386 hac
602 2321 764 2386 bominum
779 2322 958 2406 frequentia
971 2325 1031 2389 tol·

10 2491 12 2496 .
99 2426 177 2491 leret
197 2435 232 2492 et
255 2425 288 2488 in
318 2423 484 2488 solitudine
507 2423 629 2508 uspiam
655 2423 828 2500 collocaret,
855 2435 961 2508 atque,
987 2426 1030 2490 ibi

98 2528 299 2614 suppeditans
322 2526 461 2590 omnium
484 2548 599 2601 rerum,
624 2547 704 2608 quas
728 2538 841 2591 natura
865 2527 1028 2603 desiderat,

98 2629 319 2697 abundantiam
339 2638 372 2693 et
391 2627 520 2712 copiam,
537 2626 671 2691 hominis
691 2627 817 2690 omnino
839 2628 1029 2713 adspiciendi

98 2741 284 2817 potestatem
310 2730 453 2814 eriperet.
501 2727 582 2811 Quis
612 2740 677 2793 tam
707 2739 789 2793 esset
817 2729 947 2805 ferreus,
973 2734 1029 2812 qui

98 2855 165 2898 eam
181 2833 275 2898 vitam
291 2832 373 2896 ferre
387 2841 501 2915 posset,
518 2830 633 2913 cuique
652 2852 716 2894 non
730 2831 868 2896 auferret
891 2833 1029 2898 fructum

97 2936 293 3021 voluptatum
309 2933 447 2998 omnium
463 2931 622 2996 solitudo?
656 2937 707 2997 88.
725 2933 843 2998 Verum
859 2936 934 3020 ergo
950 2936 1028 3000 illud

97 3047 154 3114 est,
170 3037 253 3120 quod
279 3038 298 3100 a
315 3034 485 3099 Tarentino
502 3035 654 3119 Archyta,
670 3046 708 3099 ut
734 3037 852 3119 opinor,
868 3036 930 3100 dici
956 3039 1027 3100 soli-

96 3151 166 3204 tum
193 3149 315 3202 nostros
348 3158 436 3201 senes
467 3157 707 3201 commemorare
743 3138 859 3212 andivi,
890 3138 929 3202 ab
959 3138 1026 3202 aliia

96 3239 222 3306 senibus
249 3237 479 3302 auditum-si
509 3236 580 3320 quis
609 3237 642 3299 in
679 3237 791 3302 coelum
827 3238 1024 3312 ascendisset,

96 3351 303 3424 naturamque
323 3339 433 3404 mundi
456 3348 489 3404 et
512 3338 775 3423 pulchritudinem
799 3340 934 3404 siderum
957 3363 1026 3423 per·

96 3442 256 3531 sparsisset,
272 3441 432 3506 insuavem
447 3441 532 3504 illam
547 3439 784 3504 admirationem
800 3441 829 3505 ei
844 3441 930 3509 fore:
956 3464 1024 3525 quae

90 3543 316 3632 jucundissima
340 3543 460 3620 fuisset,
482 3542 507 3606 si
534 3541 670 3626 aliquem
693 3542 744 3607 cui
768 3553 906 3607 narraret
928 3545 1023 3610 habu·

550 3661 573 3710 B
