2258 3916
484 196 573 258 CAP.
592 197 646 256 IX.
991 201 1027 257 13

98 372 206 445 tueque
227 384 259 427 se
282 361 314 426 iu
337 362 489 428 curriculo
511 373 689 428 exercentes
703 360 833 437 videret,
850 361 1025 448 adspexisse

96 464 226 530 lacertos
252 489 323 533 suos
349 466 472 542 dieitur,
499 465 759 550 illacrymansque
782 464 905 540 dixisse,
928 467 974 529 At
993 466 1028 528 hi

96 568 212 651 quidem
230 571 300 651 jum
325 572 435 630 mortui
459 578 537 635 suot.
584 567 658 632 Non
673 566 747 631 verb
771 576 835 631 tam
850 567 913 643 isti,
929 568 1025 650 quam

96 669 222 753 tuipse,
238 680 393 755 nugator;
417 691 520 752 neque
535 669 617 734 enim
632 691 673 733 ex
688 678 720 733 te
734 691 875 752 unquam
890 691 922 733 es
937 669 1025 733 nobi·

95 770 214 846 litatus,
240 771 295 835 sed
320 793 360 836 ex
384 769 534 835 lateribus
559 779 591 834 et
613 769 736 834 lacertis
756 770 827 836 tuis.
874 770 966 833 Nihil
991 768 1023 852 S

97 871 205 937 AElius
231 873 303 950 tale,
319 872 398 936 nihil
420 872 528 936 multis
550 871 639 936 annis
653 872 726 936 ante
742 872 779 936 Τ.
799 871 1024 950 Coruncanius,

97 975 174 1038 nihil
198 975 289 1049 modo
314 975 352 1039 P.
371 973 510 1050 Crassus,
533 996 552 1039 a
578 975 692 1058 quibus
710 975 784 1058 jura
805 974 925 1039 civibus
947 998 1026 1059 prae·

97 1077 321 1154 scribebantur,
337 1099 472 1161 quorum
495 1098 594 1160 usque
618 1076 656 1138 ad
683 1086 857 1151 extremum
881 1077 1025 1160 spiritum

97 1188 145 1243 est
168 1188 315 1263 provecta
337 1179 511 1265 prudentia
559 1184 609 1242 28.
635 1176 750 1243 Orator
772 1189 879 1243 metuo
898 1201 939 1244 ne
958 1179 1025 1243 lan-

96 1291 225 1365 guescat
240 1291 400 1348 senectute
410 1305 420 1358 ;
443 1290 490 1347 est
505 1281 587 1346 enim
602 1303 716 1345 munus
738 1279 803 1364 ejus
825 1304 888 1357 nou
907 1281 1026 1367 ingenii

97 1383 207 1459 schim,
223 1383 277 1448 sed
298 1383 432 1449 laterum
454 1385 547 1449 etiam
564 1392 596 1448 et
611 1382 732 1448 virium.
781 1382 917 1449 Omnino
933 1406 1026 1450 cano·

96 1506 165 1548 rum
181 1483 260 1548 illud
274 1484 306 1548 in
321 1506 397 1550 voce
411 1484 597 1570 splendescit
612 1484 715 1560 etiam,
727 1485 829 1549 neseio
845 1507 908 1569 quo
922 1496 1024 1570 paeto,

96 1585 130 1650 in
159 1596 344 1672 senectute:
373 1586 458 1670 quod
484 1586 628 1670 equidem
649 1585 751 1651 adhuc
775 1609 839 1651 non
867 1588 965 1664 amisi,
992 1600 1026 1654 et

96 1688 209 1754 videtis
232 1712 336 1754 annos.
385 1687 449 1754 Sed
471 1701 577 1752 tumen
599 1697 647 1752 est
667 1688 795 1769 decorus
818 1711 918 1754 sermo
932 1691 1024 1768 senis,

97 1790 222 1872 quietus
234 1802 265 1855 et
276 1789 431 1866 remissus,
447 1789 584 1874 facitque
599 1787 734 1873 persaeph
748 1788 814 1874 ipsa
824 1789 883 1853 sibi
896 1789 1026 1855 audien-

97 1891 172 1955 tiam
187 1892 295 1957 diserti
310 1891 390 1956 senis
405 1900 507 1955 comta
522 1901 553 1954 et
568 1890 652 1954 mitis
666 1889 773 1955 oratio.
812 1889 907 1971 Quod
919 1891 945 1954 si
959 1892 1025 1977 ipse

97 1994 226 2076 exsequi
247 2014 392 2077 nequeas,
414 1993 510 2078 possis
533 2002 639 2056 tamen
661 1989 798 2077 Scipioni
811 1994 977 2078 praecipere
993 2006 1026 2060 et

97 2094 205 2159 Laelio.
253 2094 339 2176 Quid
363 2095 446 2158 enim
470 2104 517 2158 est
538 2092 708 2177 jucundius
731 2102 890 2157 senectute
911 2094 1026 2179 stipati

97 2195 207 2260 studiis
214 2194 416 2280 juventutis?
445 2198 497 2258 29.
523 2193 617 2257 Anne
630 2216 681 2258 eas
693 2193 820 2277 quidem
829 2194 910 2259 vires
920 2218 1025 2261 senec·

96 2297 161 2362 tuti
177 2297 400 2382 relinquemus,
419 2305 456 2361 ut
474 2295 718 2361 adolescentulos
733 2295 851 2373 doceat,
867 2297 1024 2376 instituat,

96 2401 137 2465 ad
161 2424 252 2466 omne
278 2399 370 2465 officii
393 2422 507 2464 munus
531 2399 689 2464 instruat?
712 2420 775 2483 quo
790 2400 916 2483 quidem
932 2423 1025 2487 opere

97 2503 171 2585 quid
194 2512 383 2588 potestesse
404 2502 604 2588 praeclarius?
648 2501 732 2566 Mihi
754 2501 829 2567 vero
852 2502 911 2569 Cn.
929 2516 961 2569 et
983 2505 1040 2570 P.·

99 2604 267 2690 Scipiones,
281 2614 312 2668 et
324 2603 374 2668 uvi
385 2603 434 2668 tui
444 2603 516 2679 duo,
530 2603 570 2666 L.
584 2601 735 2668 AEmilius
746 2613 779 2668 et
790 2603 828 2668 P.
841 2603 1024 2685 Africanus,

96 2708 245 2772 comitatu
275 2705 426 2771 nobilium
461 2707 616 2790 juvenum
645 2705 796 2770 fortunati
826 2706 1021 2773 videbantur.

96 2809 165 2873 Nec
180 2808 236 2873 ulli
251 2809 402 2872 bonarum
417 2807 532 2873 artium
548 2807 687 2894 magistri
702 2829 766 2872 non
782 2808 866 2873 beati
881 2810 1023 2894 putandi,

97 2908 238 2991 quamvis
260 2907 478 2993 consenuerint
500 2907 581 2971 vires
607 2917 702 2991 atque
727 2907 905 2973 defecerint.
951 2910 1025 2975 Etsi

96 3009 154 3072 ista
176 3009 243 3095 ipsa
265 3008 396 3074 defectio
410 3003 523 3072 'virium
546 3008 760 3079 adolescentiae
782 3010 867 3075 vitiis
891 3010 1025 3078 efficitur

96 3109 216 3194 saepius,
233 3112 326 3194 quam
342 3111 510 3175 senectutis
519 3133 528 3186 3
552 3109 715 3177 libidinosa
732 3111 848 3177 etenim
863 3121 895 3177 et
910 3113 1024 3179 intem·

95 3233 206 3296 perans
228 3211 433 3276 adolescentia
455 3209 594 3275 effoetum
616 3234 726 3297 corpus
748 3214 845 3279 tradit
859 3215 1021 3280 senectuti.

96 3317 147 3376 30.
173 3311 277 3398 Cyrus
292 3311 427 3396 quidem,
443 3312 525 3397 apud
542 3311 797 3400 Xenophontem,
814 3337 851 3380 eo
871 3338 1022 3394 sermone,

95 3437 189 3502 quem
213 3414 346 3480 moriens
371 3413 490 3492 habuit,
507 3436 605 3498 quum
629 3416 795 3482 admodum
818 3440 913 3483 senex
932 3431 1022 3496 esset,

95 3531 190 3607 negat
208 3542 241 3586 se
263 3541 402 3606 unquam
424 3516 553 3583 sensisse
576 3531 767 3584 senectutem
783 3543 870 3585 suam
885 3520 1023 3588 imbecil·
1043 3577 1047 3582 ,
