2258 3916
435 203 526 268 ΟΑΡ.
547 201 669 264 XVIII.
980 207 1020 266 29

94 371 196 438 locum
210 371 239 438 ei
253 371 271 436 d
286 369 349 436 suis
364 369 483 437 civibus
497 393 651 455 nusquam
662 369 786 434 datumr
803 390 901 453 quum
915 376 1019 434 autem

94 473 133 536 ad
149 471 398 538 Lacedaemonios
409 472 594 548 accessisset,
606 470 670 554 qui,
683 469 779 555 legati
794 491 892 552 quum
906 479 1017 546 essent,

94 584 179 639 certo
205 573 238 636 in
261 572 329 637 loco
352 571 564 647 consederant,
591 569 816 636 consurrexisse
844 591 959 644 omnes,
986 580 1018 633 et

94 695 199 738 senem
213 672 303 736 illum
325 693 441 735 sessum
461 671 620 755 recepisse.
666 674 716 734 64.
737 667 860 750 Quibus
881 689 978 752 quum
1000 669 1019 732 a

95 785 207 836 cuncto
222 793 366 836 consessu
379 771 506 856 plausus
520 782 601 834 esset
615 769 779 854 multiplex
794 769 894 850 datus,
906 768 1018 833 dixisse

94 895 134 936 ex
148 871 186 934 iis
201 871 366 954 quendam,
383 868 592 934 Athenienses
613 870 691 934 scire
713 892 782 953 quae
802 880 888 934 recta
904 882 1018 949 essent,
1105 921 1111 928 .

94 970 148 1034 sed
163 969 263 1033 facere
278 968 368 1033 nolle.
414 968 520 1033 Multa
539 968 572 1031 in
587 978 692 1033 nostro
712 968 840 1053 collegio
855 970 1017 1054 praeclara:

94 1067 147 1132 sed
167 1066 235 1144 hoc,
258 1067 373 1149 dequo
393 1067 522 1151 agimus,
539 1067 572 1131 in
586 1066 703 1152 primis,
723 1068 817 1151 quod,
833 1069 1022 1153 utquisque

94 1177 186 1232 aetate
214 1166 379 1241 antecedit,
409 1166 455 1230 ita
484 1166 644 1231 sententies
673 1167 881 1252 principatum
910 1177 1015 1233 tenet:

93 1290 197 1352 neque
222 1267 321 1332 solhm
346 1266 462 1332 honore
487 1268 751 1344 antecedentibus,
777 1269 830 1333 sed
851 1268 889 1332 iis
913 1268 1016 1345 etiam,

94 1369 149 1452 qui
171 1391 241 1433 cum
261 1368 389 1453 imperio
414 1377 497 1445 sunt,
524 1369 653 1454 majores
671 1380 751 1434 natu
774 1392 907 1456 augures
930 1380 1018 1434 ante·

93 1478 260 1556 ponuntur.
306 1468 387 1551 Quae
402 1481 476 1534 sunt
497 1469 594 1556 igitur
608 1469 784 1555 voluptates
798 1470 932 1556 corporis
945 1493 1018 1535 cum

93 1569 285 1635 auctoritatis
299 1569 431 1654 praemiis
443 1569 677 1653 comparanda?
708 1567 831 1650 Quibus
847 1569 901 1652 qui
916 1569 1017 1654 splen·

93 1670 164 1734 dide
185 1670 235 1733 usi
253 1679 335 1745 sunt,
355 1669 378 1732 ii
400 1667 477 1732 mihi
498 1669 644 1733 videntur
657 1668 793 1733 fabulam
816 1668 915 1733 aetatis
930 1691 1016 1754 pere-

92 1768 183 1854 gisse,
194 1790 261 1844 nee,
273 1778 433 1851 tamquam
447 1767 641 1833 inexercitati
651 1768 825 1846 histriones,
834 1767 867 1832 in
878 1778 1017 1833 extremo

93 1880 166 1933 actu
180 1868 337 1933 corruisse.

65 1971 89 2043 ts
138 1972 187 2032 65.
205 1968 253 2033 At
272 1976 346 2032 sunt
362 1967 484 2044 morosi,
507 1979 540 2032 et
554 1967 647 2044 anxii,
664 1976 696 2031 et
714 1966 862 2044 iracundi,
884 1978 916 2031 et
938 1967 1018 2031 diffi-

94 2068 168 2133 ciles
197 2090 303 2141 senes3
333 2066 360 2130 si
384 2067 559 2151 quaerimus,
590 2068 682 2131 etiam
711 2067 803 2130 avari
862 2067 925 2133 Sed
952 2069 1017 2141 haec

93 2189 215 2230 morum
244 2164 322 2230 vitia
350 2177 434 2241 sunt,
463 2187 526 2229 non
554 2164 730 2230 senectutis.
778 2163 829 2231 Ac
845 2167 1017 2232 'morositas

93 2278 198 2331 tamen
220 2275 253 2332 et
274 2288 311 2331 ea
324 2265 412 2342 vitia,
431 2287 500 2349 quaa
520 2266 595 2340 dixi,
614 2265 729 2331 habent
751 2266 868 2350 aliquid
890 2289 1017 2332 excusa·

93 2366 196 2442 tionis,
212 2388 274 2430 non
289 2365 372 2429 illius
386 2365 511 2449 quidem
522 2366 624 2448 justae,
641 2367 694 2430 sed
709 2388 778 2449 quae
793 2367 914 2451 probari
929 2390 1017 2451 posse

93 2466 252 2530 videaturz
268 2465 426 2530 contemni
451 2487 483 2529 se
502 2475 625 2550 putant,
644 2466 768 2551 despici,
789 2466 886 2531 illudi.
932 2466 1018 2530 Prae·

93 2567 179 2630 terea
203 2565 248 2630 in'
261 2565 366 2651 fragili
394 2587 520 2650 corpore
549 2565 653 2629 odiosa
675 2567 774 2631 omnis
803 2566 930 2632 offensio
960 2579 1015 2632 est.

95 2665 175 2746 Quae
203 2675 308 2728 tamen
328 2664 432 2728 omnia
456 2665 593 2729 dulciora
614 2677 687 2730 sunt
709 2676 742 2731 et
763 2667 900 2730 moribus
929 2667 1018 2731 bonis

94 2775 127 2829 et
141 2764 259 2828 artibus
268 2787 277 2839 3
301 2763 395 2846 idque
410 2774 479 2827 tum
498 2764 531 2827 in
546 2764 621 2840 vital,
644 2774 712 2829 tum
727 2765 759 2828 in
773 2767 865 2830 scend
884 2765 1018 2852 intelligi

93 2874 197 2947 potest
210 2886 251 2938 ex
265 2863 304 2927 iis
317 2863 476 2939 fratribus,
492 2864 591 2946 quiin
602 2866 747 2950 Adelphis
761 2875 843 2931 sunt.
891 2866 1019 2947 Quanta

94 2963 128 3026 in
141 2964 238 3028 altero
249 2962 376 3038 duritas,
392 2964 425 3027 in
436 2963 534 3028 altero
545 2963 691 3030 comitasl
729 2965 782 3031 Sic
796 2988 828 3029 se
842 2988 891 3030 res
905 2965 1016 3031 habet:

95 3072 132 3126 ut
147 3063 229 3128 enim
240 3085 307 3128 non
324 3085 415 3128 omne
429 3063 546 3140 vinum,
562 3064 606 3129 sic
625 3087 688 3129 non
702 3065 801 3131 omnis
815 3077 897 3142 aetas,
914 3078 1017 3132 vetus-

95 3170 162 3225 tate
183 3161 341 3226 coacescit
389 3160 595 3228 Severitatem
615 3163 649 3226 in
663 3177 822 3229 senectute
841 3166 947 3249 probo,
967 3164 1020 3228 sed

96 3279 174 3335 eam,
200 3257 281 3323 sicut
300 3258 369 3335 alia,
393 3259 561 3334 modicam3
588 3262 787 3327 acerbitatem
810 3261 1018 3327 nullomodo.

96 3355 241 3424 Avaritia
264 3358 337 3426 verb
358 3357 461 3424 senilis
487 3356 564 3443 quid
589 3358 648 3424 sibi
670 3360 755 3438 velit,
781 3345 856 3426 non'
870 3357 1018 3446 intelligo.

524 3463 571 3510 cd
