2258 3916
82 198 121 255 56
452 192 628 252 LAELIUS.

82 359 200 443 aliquid
225 358 324 423 facere
346 368 499 443 rogatum,
530 368 561 422 et
590 359 722 444 rogare?
778 356 825 421 At
851 356 926 422 verb
959 356 1016 422 Ti.

84 458 261 524 Gracchum
281 460 492 542 sequebantur
513 456 550 524 C.
567 457 682 534 Garbe,
705 456 742 524 C.
768 456 858 534 Cato,
883 455 1018 521 minime

82 569 159 623 tuno
175 558 300 642 quidem
314 556 410 624 Caius
425 557 530 634 frater,
545 581 630 624 nunc
644 558 726 622 idem
741 559 916 622 acerrimus.

127 759 212 824 XII.
235 765 287 824 40.
305 759 384 824 Haec
406 760 504 845 igitur
518 760 569 824 lex
586 760 620 822 in
635 760 770 824 amicitia
790 759 957 833 sanciatur,
975 769 1017 821 ut

84 882 185 944 neque
224 881 368 944 rogemus
404 882 453 924 res
482 869 600 945 turpes,
635 882 693 925 nec
721 860 869 923 faciamus
897 858 1014 942 rogati.

85 959 199 1044 Turpis
222 960 305 1024 enim
333 961 491 1024 excusatio
521 972 578 1035 est,
609 969 641 1024 et
666 959 793 1023 minime
822 958 1015 1043 accipienda,

84 1082 182 1142 quum
196 1059 229 1123 in
244 1061 354 1125 ceteris
368 1061 512 1146 peccatis,
530 1071 602 1125 tum
616 1059 642 1123 si
659 1060 729 1143 quis
744 1069 852 1123 contra
865 1060 1017 1142 rempub-

83 1160 174 1224 licam
197 1183 229 1225 se
259 1161 351 1225 amici
376 1163 469 1226 causa
491 1161 600 1226 fecisse
621 1162 765 1225 fateatur.
822 1159 953 1223 Etenim
976 1181 1017 1224 eo

83 1260 161 1338 loco,
185 1261 289 1325 Fanni
311 1271 344 1325 et
370 1260 516 1338 Scaevola,
536 1261 630 1326 locati
652 1284 767 1337 sumus,
783 1270 820 1324 ut
842 1281 899 1322 nos
919 1259 1017 1344 longe

82 1362 256 1446 prospicere
267 1371 408 1446 oporteat
419 1363 543 1427 futuros
558 1384 647 1427 casus
661 1361 846 1446 reipublicae.
870 1359 1018 1426 Deflexit

85 1462 167 1526 enim
185 1463 251 1542 jam
273 1462 504 1544 aliquantulum
529 1462 568 1526 de
588 1462 687 1548 spatio
707 1462 923 1545 curriculoque
938 1483 1018 1524 oon-

84 1561 216 1625 suetudo
241 1563 401 1646 majorum.
449 1563 498 1626 Ti.
527 1561 687 1629 Gracchus
707 1584 840 1647 regnum
861 1583 1018 1646 occupare

84 1670 213 1725 conatus
236 1671 293 1736 est,
324 1661 375 1725 vel
395 1662 538 1746 regnavit
555 1663 582 1726 is
600 1662 724 1747 quidem
747 1684 861 1747 paucos
880 1683 1016 1728 menses.

84 1764 136 1822 41.
169 1757 256 1821 Num
286 1759 362 1842 quid
387 1760 486 1824 simile
515 1762 649 1845 populus
678 1761 841 1825 Romanus
870 1760 1019 1826 audierat

84 1867 140 1922 aut
154 1858 297 1923 viderat?
343 1858 440 1923 Hunc
458 1859 552 1924 etiam
575 1870 792 1946 postmortem
808 1861 905 1924 secuti
920 1860 1019 1926 amici

85 1970 117 2023 et
138 1959 306 2044 propinqui
328 1959 405 2043 quid
427 1961 461 2023 in
483 1960 520 2024 P.
544 1948 720 2044 Scipionem
749 1960 918 2034 effecerint,
946 1960 1018 2026 sind

84 2061 228 2147 lacrymis
242 2085 305 2126 non
326 2084 406 2146 queo
421 2062 532 2127 dicere.
579 2062 662 2127 Nam
681 2060 867 2137 Carbonem,
883 2082 1017 2144 quoquo

83 2162 175 2226 modo
185 2163 353 2247 potuimus,
364 2173 490 2247 propter
504 2172 661 2227 recentem
673 2185 794 2247 poenam
805 2161 853 2224 Ti
866 2160 1016 2238 Gracchi,

84 2261 294 2326 sustinuimus.
341 2262 393 2325 De
409 2262 446 2329 0.
465 2261 601 2328 Gracchi
623 2272 730 2327 autem
745 2263 918 2336 tribunatu,
935 2261 1018 2345 quid

84 2372 272 2445 exspectem,
300 2385 364 2426 non
389 2363 468 2427 libet
490 2363 644 2448 augurari.
693 2361 797 2447 Serpit
823 2362 933 2426 deinde
953 2386 1016 2439 res,

85 2484 154 2544 quae
183 2463 350 2545 proclivius
379 2464 417 2527 ad
449 2465 627 2548 perniciem,
657 2485 756 2547 quum
784 2464 879 2527 semel
908 2464 1017 2548 coepit,

83 2561 207 2624 labitur.
254 2562 378 2627 Videtis
397 2563 429 2626 in
445 2564 559 2628 tabellis
570 2565 636 2647 jam
651 2564 724 2628 ante
739 2575 858 2647 quanta
874 2563 914 2626 sit
930 2562 1018 2627 facta

84 2659 178 2735 labes,
212 2661 310 2745 prirnb
344 2662 479 2726 Gabinia
514 2665 606 2748 Lepe,
636 2661 762 2726 biennio
794 2675 900 2725 autem
929 2661 1016 2745 pdst,

90 2760 206 2824 Cassia
253 2760 370 2826 Videre
390 2763 457 2843 jam
477 2763 584 2827 videor
606 2763 756 2847 populum
776 2763 797 2826 a
818 2772 928 2826 senatu
952 2762 1019 2825 dis·

79 2859 226 2942 junctum
251 2861 524 2945 multitudinisque
551 2863 678 2926 arbitrio
704 2885 752 2926 res
779 2861 927 2924 maximas
951 2861 1015 2945 agi.

84 2958 197 3023 Plures
212 2961 296 3024 enim
314 2962 442 3038 discent,
458 2963 719 3046 quemadmodirm
735 2963 800 3026 haec
814 2962 901 3036 fiant,
919 2963 1017 3044 quam

85 3062 344 3144 quemadmodum
371 3064 418 3128 his
441 3066 613 3128 resistatur.
658 3071 711 3128 42.
745 3063 903 3144 Quorsum
925 3063 1017 3127 haec?

86 3149 170 3243 Quia
188 3161 253 3226 sine
269 3164 357 3228 sociis
372 3187 464 3228 nemo
479 3164 651 3247 quidquam
666 3164 880 3228 talecouatur.
927 3161 1008 3227 Prae-
1049 3200 1063 3232 a

84 3261 261 3357 cipiendum
281 3274 327 3328 est
351 3264 448 3349 igitur
468 3265 567 3341 bonis,
591 3274 637 3340 ut,
659 3264 740 3327 siin
762 3263 914 3348 ejusmodi
937 3265 1018 3327 arni-

83 3359 171 3427 citias
185 3361 285 3447 ignari
301 3384 374 3425 casu
396 3362 500 3446 aliquo
518 3363 695 3439 inciderint,
711 3385 750 3426 ne
771 3362 950 3427 existiment
970 3363 1018 3428 ita

83 3481 118 3526 se
132 3461 282 3548 alligatos,
297 3475 336 3527 ut
355 3465 394 3528 ab
409 3464 516 3528 amicis
530 3464 563 3528 in
578 3464 693 3549 magud
707 3463 813 3546 aliqud
832 3485 866 3527 re
883 3485 1017 3547 peccan-

30 3622 56 3680 ι
82 3559 169 3629 tibus
183 3585 246 3630 non
257 3564 424 3631 discedant.
449 3564 606 3652 Improbis
620 3574 726 3630 autem
741 3587 833 3652 poena
847 3564 1017 3629 statuenda
