2258 3916
294 218 297 233 ¹
396 201 488 262 cAP.
509 199 596 258 VIII.
618 199 674 258 IX.
961 199 994 254 51

66 370 145 436 nihil
162 369 281 444 fictum,
302 366 381 431 nibil
403 366 602 451 simulatum
620 375 652 428 et
673 363 827 446 quidquid
842 363 873 426 in
890 362 926 427 eal
941 375 998 437 est,

66 472 98 534 id
124 479 172 534 est
199 491 309 534 verum
335 477 368 530 et
396 465 617 541 voluntarium.
673 469 723 528 27.
757 458 956 546 Quapropter
981 464 1000 526 ai

66 571 180 636 natural
193 569 271 632 mihi
285 567 411 632 videtur
428 565 544 650 potitis,
562 565 658 649 quam
674 567 712 627 ab
727 564 908 648 indigentia,
931 576 1000 628 orta

68 668 213 743 amicitia,
234 677 267 732 et
292 665 497 748 applicatione
522 663 621 748 magis
649 663 745 726 animi
768 685 838 726 cum
866 663 1000 744 quodam

68 791 161 832 sensu
185 765 320 839 amandi,
351 765 445 845 quam
468 763 659 848 cogitatione
686 770 839 844 quantum
872 761 926 824 illa
951 784 1000 825 res

69 865 215 930 utilitatis
244 873 326 927 esset
351 861 504 926 habitura
552 859 647 941 Quod
677 860 804 942 quidem
830 860 923 943 quale
948 861 998 935 sit,

69 967 163 1030 etiam
178 965 210 1027 in
233 963 340 1027 bestiis
355 961 540 1045 quibusdam
563 961 767 1025 animadverti
781 970 903 1045 potest3
931 983 1000 1045 quae

70 1089 110 1130 ex
125 1088 157 1130 se
176 1072 267 1128 natos
286 1064 332 1126 ita
346 1074 451 1126 amant
471 1062 510 1126 ad
525 1062 681 1146 quoddam
698 1073 832 1147 tempus,
849 1072 882 1127 et
895 1065 934 1125 ab
957 1064 1002 1127 eis

71 1165 116 1228 ita
130 1173 284 1237 amantur,
305 1171 342 1226 ut
356 1161 447 1226 facile
462 1183 568 1226 earum
584 1183 690 1225 sensus
705 1171 860 1248 appareat.
907 1162 1001 1245 Quod

70 1263 105 1325 in
126 1262 250 1326 homine
264 1260 364 1325 multo
380 1271 428 1326 est
449 1260 642 1334 evidentius;
663 1261 799 1345 primum
818 1284 858 1326 ex
874 1263 909 1327 ea
924 1263 1003 1328 cari·

71 1372 147 1438 tate,
181 1384 250 1446 quae
276 1373 323 1426 est
348 1361 433 1425 inter
455 1371 545 1424 natos
571 1372 603 1426 et
628 1371 783 1446 parentes,
805 1385 875 1446 quae
899 1363 1002 1427 dirimi

72 1463 132 1526 nisi
162 1460 337 1525 detestabili
363 1459 476 1524 scelere
501 1482 564 1524 non
593 1470 715 1545 potest3
755 1461 875 1537 deinde,
904 1483 1003 1545 quum

74 1562 180 1626 similis
195 1583 302 1626 sensus
320 1560 442 1625 exstitit
456 1561 577 1636 amoris,
594 1560 620 1624 si
635 1561 771 1644 aliquem
785 1562 870 1626 nacti
884 1584 1003 1639 sumus,

73 1663 162 1747 cujus
185 1683 256 1726 cum
276 1661 414 1725 moribus
435 1670 467 1725 et
488 1661 601 1724 natura
620 1682 836 1747 congruamus,
863 1663 947 1745 quod
969 1663 1003 1726 in

74 1785 111 1827 eo
136 1763 226 1846 quasi
249 1761 357 1825 lumen
382 1759 509 1844 aliquod
534 1760 697 1844 probitatis
725 1771 758 1826 et
780 1763 907 1827 virtutis
932 1786 1004 1847 per-

75 1863 191 1946 spicere
205 1862 372 1927 videamur.
419 1866 469 1925 28.
495 1861 583 1925 Nihil
603 1871 650 1926 est
665 1862 749 1926 enim
764 1863 925 1928 amabilius
941 1865 1003 1927 vir-

76 1972 164 2037 tute3
200 1961 288 2035 nihil,
319 1961 404 2044 quod
431 1960 530 2044 magis
566 1960 681 2025 alliciat
717 1962 756 2024 ad
792 1962 1001 2048 diligendum:

61 2063 193 2146 ⁸quippe
219 2084 317 2143 quum
342 2071 469 2144 propter
492 2061 642 2124 virtutem
667 2070 700 2125 et
728 2061 925 2145 probitatem,
953 2085 1005 2128 eos

77 2163 180 2236 etiam,
205 2184 283 2246 quos
305 2183 466 2244 nunquam
488 2160 631 2236 vidimus,
662 2161 796 2245 quodam
819 2161 910 2227 modo
935 2164 1006 2228 dili-

77 2286 196 2350 gamua
243 2261 324 2342 Quis
350 2272 405 2337 est,
436 2260 491 2344 qui
518 2259 555 2327 O.
581 2261 727 2338 Fabricii,
753 2262 806 2327 Μ’.
824 2262 914 2329 Curii
942 2287 1006 2330 non

78 2386 151 2429 cum
170 2363 297 2428 caritate
312 2362 417 2446 aliqud
436 2374 469 2427 et
487 2362 704 2427 benevolentia
723 2364 902 2428 memoriam
916 2373 1007 2430 usur·

78 2472 143 2549 pet,
163 2485 243 2548 quos
261 2484 423 2545 uunquam
445 2461 579 2526 viderit?
635 2461 716 2543 Quis
741 2474 846 2530 autem
866 2475 922 2543 est,
950 2468 1007 2550 qui

80 2561 288 2647 Tarquinium
313 2560 499 2646 Superbum,
518 2561 573 2643 qui
597 2560 650 2646 Sp.
674 2561 827 2641 Cassium,
853 2564 906 2650 Sp.
927 2566 1007 2631 Mae·

79 2662 157 2727 lium
177 2684 241 2726 non
263 2660 385 2725 oderit?
423 2659 506 2726 Cum
528 2661 649 2726 duobus
671 2661 802 2727 ducibus
820 2664 857 2728 de
878 2665 1010 2751 imperio

80 2764 113 2827 in
150 2763 243 2828 Italia
277 2762 479 2837 decertatum,
510 2762 635 2848 Pyrrho
664 2772 697 2829 et
731 2764 930 2843 Hannibale3
968 2769 1009 2835 ab

81 2862 188 2940 altero,
214 2872 340 2948 propter
365 2861 551 2945 probitatem
575 2864 651 2947 ejus,
681 2886 744 2928 non
772 2866 864 2930 nimis
893 2867 1009 2933 alienos

81 2964 200 3028 animos
213 2963 379 3037 habemus3
397 2962 540 3040 alterum,
552 2974 679 3049 propter
689 2966 914 3046 crudelitatem,
930 2992 1010 3035 sem·

82 3085 138 3149 per
151 3063 216 3128 haec
230 3063 340 3128 civitas
355 3062 463 3143 oderit,
526 3092 529 3097 ·

127 3261 193 3326 IX„
210 3264 262 3325 29.
277 3259 397 3342 Quodsi
409 3272 498 3330 tanta
512 3265 560 3329 vis
571 3266 735 3351 probitatis
750 3279 808 3346 est,
823 3279 861 3335 ut
881 3293 948 3336 eam
959 3271 1010 3337 vel

82 3364 116 3429 in
132 3361 186 3439 eis,
202 3382 282 3445 quos
301 3383 464 3447 nunquam
486 3363 631 3441 vidimus,
648 3366 709 3444 vel,
731 3370 816 3453 quod
836 3372 936 3454 majus
952 3381 1011 3450 est,

82 3464 116 3532 in
137 3463 227 3529 hoste
242 3460 344 3529 etiam'
356 3462 540 3552 diligamus,
561 3466 637 3550 quid
658 3467 782 3546 mirum,
803 3469 829 3534 si
848 3470 942 3535 animi
956 3471 1012 3536 ho·

525 3581 542 3614 u
558 3570 575 3616 θ
