2264 3914
111 209 151 267 ar
207 191 208 195 '
433 206 544 269 cavo
565 206 715 268 uraca.

111 373 163 439 fici
184 372 307 438 tantulo
328 394 434 458 grano,
457 383 513 438 aut
536 395 575 438 ex
598 372 688 439 acino
705 372 844 448 vinaceo,
861 378 917 435 aut
932 393 973 436 ex
987 392 1042 438 ce·

111 485 247 539 terarum
262 472 387 558 frugum
410 494 446 537 ac
467 473 613 558 stirpium
636 470 851 537 minutissimis
866 471 1042 538 seminibus

110 584 214 640 tantos
229 584 355 639 truncos
368 595 531 658 ramosque
546 582 696 659 procreat.
743 570 894 648 Malleoli,
911 571 1040 657 plantoe,

110 684 273 775 sarmenta,
289 673 481 750 viviradices,
496 673 692 760 propagines,
713 694 817 736 noune
832 693 868 735 ea
884 671 1038 748 efficiunt,

109 783 147 838 ut
181 773 322 857 quemvis
359 795 430 837 cum
469 772 674 837 admiratione
712 770 890 837 delectent?
949 769 1040 836 Vitis

109 874 245 957 quidem,
261 896 331 957 quae
345 872 456 937 naturai
471 873 586 937 caduca
601 881 657 948 est,
674 881 718 947 et,
738 870 799 934 nisi
819 869 900 934 fulta
922 869 972 946 sit,
995 871 1039 934 'ad

108 984 223 1040 terram
244 975 361 1050 fertur3
385 973 501 1049 eadem,
525 983 563 1036 ut
585 994 617 1036 se
640 972 750 1055 erigat,
775 969 934 1035 claviculis
959 969 1037 1047 suis,

109 1075 198 1158 quasi
228 1074 379 1148 manibus,
410 1071 563 1156 quidquid
589 1081 636 1135 est
662 1081 764 1147 nacta,
795 1069 1035 1154 complectitur:

108 1197 212 1258 quam,
231 1184 404 1259 serpentem
428 1171 593 1256 multiplici
613 1171 703 1257 lapsu
727 1180 760 1236 et
783 1171 925 1245 erratico,
949 1168 1037 1236 ferro

107 1287 272 1358 amputans
294 1277 416 1336 coercet
439 1293 488 1334 ars
510 1269 727 1355 agricolarum,
747 1291 788 1334 ne
808 1268 952 1333 silvescat
968 1290 1036 1332 sar·

106 1375 229 1450 mentis,
260 1383 292 1438 et
321 1373 353 1436 in
383 1395 489 1437 omnes
518 1381 621 1457 partes
650 1370 746 1434 nimia
771 1370 933 1434 fundatur.
979 1374 1033 1436 53.

107 1473 232 1555 Itaque,
248 1472 375 1535 ineunte
389 1493 472 1547 vere,
487 1472 520 1534 in
535 1471 583 1547 iis,
601 1492 670 1555 quae
685 1469 796 1535 relicta
810 1479 893 1545 sunt,
910 1469 1036 1536 exsistit

106 1585 265 1656 tamquam
289 1573 326 1635 ad
348 1572 495 1637 articulos
518 1581 744 1637 sarmentorum
763 1593 809 1647 ea,
831 1593 900 1654 quae
912 1593 1036 1656 pemma

105 1674 235 1750 dicitur3
249 1674 267 1737 a
282 1674 346 1756 qut
360 1673 462 1737 oriens
477 1697 539 1738 uva
553 1696 618 1739 sese
633 1673 791 1750 ostendit3
809 1695 878 1756 quac
892 1682 924 1737 et
939 1695 1035 1738 succo

106 1784 196 1837 terrae
211 1782 243 1836 et
259 1772 359 1835 calore
381 1771 452 1835 solis
473 1794 652 1858 augescens,
674 1772 774 1857 primo
797 1783 843 1836 est
866 1773 1035 1855 peracerba

104 1882 243 1957 gustatu,
260 1870 370 1935 deinde
386 1881 542 1935 maturata
562 1871 723 1948 dulcescit,
744 1873 921 1955 vestitaque
943 1871 1034 1956 pam-

104 1972 185 2058 pinis
200 1993 256 2036 nec
271 1970 390 2034 modico
405 1982 511 2054 tepore
524 1982 618 2047 caret,
632 1983 664 2036 et
677 1973 788 2037 nimios
804 1973 875 2037 solis
890 1972 1033 2039 defendit

103 2073 235 2138 ardores.
284 2071 448 2155 Qudquid
463 2082 566 2156 potest
581 2095 657 2149 esse,
674 2095 772 2157 quum
790 2073 895 2139 fructu
915 2073 1032 2152 laetius,

103 2186 171 2238 tum
186 2174 336 2258 adspectu
350 2173 514 2256 pulcrius?
559 2173 659 2258 Cujus
675 2175 802 2258 quidem
823 2197 885 2239 non
907 2173 1031 2240 utilitas

102 2295 152 2335 me
176 2272 285 2345 soldm,
310 2271 444 2334 utente
468 2270 542 2347 dixi,
564 2272 729 2337 sedetiam
753 2273 885 2346 cultura,
910 2282 941 2336 et
961 2273 1032 2358 ipsa

103 2383 215 2435 natura
244 2369 397 2434 delectat:
437 2370 708 2435 adminiculorum
725 2372 857 2448 ordines,
887 2371 1030 2457 capitum

97 2470 231 2554 jugatio,
249 2469 390 2553 religatio
402 2482 435 2533 et
450 2470 631 2556 propagatio
646 2472 768 2547 vitium,
785 2482 1031 2537 sarmentorum·

101 2590 164 2652 que
185 2590 230 2644 ea,
247 2590 341 2650 quam
362 2568 438 2645 dixi,
459 2569 589 2633 aliorum
610 2572 791 2656 amputatio,
815 2572 944 2636 aliorum
969 2573 1030 2637 im-

101 2667 214 2732 missio.
262 2666 347 2748 Quid
368 2689 426 2752 ego
445 2668 664 2752 irrigationes?
686 2671 761 2753 quid
784 2671 932 2735 fossiones
947 2673 1028 2756 agri,

63 2779 76 2797 ⁸
100 2768 418 2853 repastinationesque
441 2769 604 2852 proferam,
628 2770 742 2854 quibus
763 2770 801 2834 fit
820 2770 919 2834 multi>
941 2778 1030 2837 terra

99 2868 293 2933 foeeundior?
317 2872 367 2931 54.
386 2867 472 2949 Quid
484 2867 522 2931 de
538 2868 674 2932 utilitate
689 2870 799 2952 loquar
814 2871 1028 2936 stercorandi?

100 2969 178 3032 Dixi
200 2969 232 3031 in
256 2991 292 3034 eo
312 2968 401 3043 libro,
418 2990 518 3051 ,quern
538 2968 577 3032 de
597 2969 708 3034 Rebus
731 2969 870 3036 Rustieis
895 2971 1025 3055 scripsi:

98 3069 137 3134 de
158 3069 220 3154 qud
246 3068 355 3133 doctus
382 3066 539 3132 Hesiodus
564 3092 604 3134 ne
631 3072 760 3135 verbum
787 3071 912 3154 quidem
938 3065 1026 3148 feeit,

99 3192 197 3255 quum
219 3169 258 3234 de
281 3169 403 3233 culturd
425 3170 491 3253 agri
514 3171 672 3235 scriberet.
719 3172 767 3235 At
783 3173 950 3249 Homerus,
969 3175 1026 3258 qui

95 3270 215 3347 multis,
238 3280 275 3334 ut
296 3269 373 3332 mihi
395 3268 528 3346 videtur,
552 3271 625 3336 ante
647 3272 766 3336 saeculis
784 3273 856 3349 fuit,
873 3274 1026 3341 Laertem

96 3371 263 3437 lenientem
278 3369 474 3445 desiderium,
491 3371 574 3453 quod
590 3370 730 3454 capiebat
745 3372 763 3436 ὲ
778 3371 851 3450 filio,
869 3373 1025 3440 colentem

95 3491 217 3556 agrum,
239 3481 366 3536 etcum
388 3480 608 3535 stercorantem
631 3470 714 3536 lacit.
762 3472 830 3537 Nec
846 3471 920 3538 verd
935 3495 1025 3562 sege-
