2258 3916
436 233 526 293 CAP.
538 232 593 292 VI.
963 240 1000 298 47

80 393 160 460 viros
185 395 291 474 bonos,
317 407 353 462 ut
378 397 475 463 habiti
498 407 581 476 sunt,
609 398 653 463 sie
678 399 772 463 etiam
798 400 999 486 appellandos

77 506 239 580 putemus3
257 497 331 582 quia
345 511 528 583 sequuntur,
542 512 697 583 quantum
708 500 848 567 homines
860 513 998 586 possunt,
1093 533 1096 540 ·

78 595 242 674 Naturam,
258 598 405 684 optimam
428 600 506 664 bene
527 600 653 666 vivendi
675 601 794 666 ducem.
844 601 895 669 Sic
916 603 999 667 enim

75 698 152 762 mihi
177 701 351 786 perspicere
372 701 489 779 videor,
512 701 557 766 ita
578 711 668 766 natos
690 724 843 779 essenos,
865 714 902 768 nt
917 704 999 768 inter

75 819 189 882 omnes
210 810 291 866 esset
325 801 453 866 societas
489 801 651 884 quadam3
689 803 787 886 major
816 811 930 878 autem,
961 815 998 870 ut

75 900 208 985 quisque
233 901 372 986 proxime
392 901 559 967 accederet.
605 902 719 984 Itaque
742 903 826 967 cives
850 905 996 988 potioreS,

74 1001 168 1085 quim
183 1003 357 1088 peregrini3
382 1013 414 1069 et
427 1002 604 1089 propinqui,
621 1004 716 1085 quam
730 1003 840 1068 alieni:
864 1027 933 1069 cum
949 1005 997 1070 his

73 1103 157 1166 enim
171 1103 338 1168 amicitiam
352 1115 463 1169 natura
476 1105 543 1188 ipsa
557 1104 687 1189 peperit,
711 1105 765 1168 sed
782 1127 819 1168 ea
838 1127 901 1168 non
923 1106 996 1170 setis

71 1200 167 1266 habet
186 1202 352 1267 firmitatis.
399 1203 545 1286 Namque
561 1203 619 1268 heic
634 1214 759 1289 praestat
774 1204 910 1269 amicitia
925 1229 995 1289 pro-

71 1302 251 1388 pinquitati,
275 1305 358 1387 quod
374 1327 414 1369 ex
430 1305 664 1391 propinquitate
685 1305 904 1371 benevolentia
926 1308 994 1372 tolli

35 1420 37 1425 ’
71 1415 183 1494 potest,
200 1428 242 1471 ex
256 1407 392 1472 amicitia
413 1430 474 1471 non
497 1417 620 1492 potest:
649 1405 774 1471 sublata
796 1409 877 1472 enim
900 1408 994 1474 bene·

70 1507 216 1587 volentia
255 1509 398 1574 amicitiae
436 1532 550 1574 nomen
584 1508 716 1584 tollitur,
752 1511 993 1595 propinquitatis

70 1621 184 1676 manet.
231 1617 280 1675 20.
306 1610 433 1692 Quanta
448 1621 552 1675 autem
567 1611 614 1675 vis
630 1611 774 1676 amicitie
796 1612 846 1689 sit,
870 1636 910 1678 ex
933 1616 992 1680 hoe

53 1711 203 1801 intelligi
223 1715 356 1778 maxime
381 1722 494 1798 potest,
523 1713 607 1796 quod
636 1734 678 1777 ex
700 1712 823 1778 infinite
845 1715 992 1782 societate

68 1816 189 1900 generis
217 1816 354 1891 humani,
385 1838 479 1899 quam
508 1813 683 1879 conciliavit
709 1814 776 1898 ipsa
801 1828 922 1895 natura,
949 1818 993 1882 ita

68 1928 288 1983 contracturos
304 1927 350 1982 est
371 1927 403 1980 et
423 1916 556 1980 adducta
576 1915 609 1978 in
631 1926 809 2000 angustum,
835 1928 870 1981 ut
894 1920 991 1984 omnis

68 2015 178 2082 caritas
192 2027 248 2080 aut
262 2017 344 2080 inter
358 2014 435 2079 duos
457 2024 513 2077 aut
527 2012 611 2097 iuter
625 2035 738 2099 paucos
749 2015 911 2100 jungatur.

110 2215 172 2282 VI.
196 2216 257 2282 Est
271 2225 376 2281 autem
398 2213 533 2279 amicitia
554 2212 632 2277 nihil
658 2212 754 2292 aliud,
775 2213 837 2279 nisi
851 2216 988 2281 omnium

65 2317 240 2384 divinarum
262 2316 529 2400 humanarumque
558 2337 663 2380 rerum
682 2336 754 2379 oum
774 2316 990 2383 benevolenti&

65 2429 99 2485 et
120 2421 249 2485 caritate
264 2440 384 2483 summa
408 2414 586 2492 consensi03
611 2414 673 2498 quai
688 2414 814 2499 qpidem
828 2415 911 2481 haud
927 2419 989 2484 seio

64 2541 114 2596 an,
135 2519 265 2605 excep'tt
287 2517 446 2602 sapientia,
462 2515 540 2579 nihil
561 2515 672 2581 melius
690 2515 807 2579 homini
822 2516 863 2580 sit
884 2518 988 2584 aDiis
1016 2599 1020 2605 Ι

63 2616 287 2683 immortalibus
298 2617 416 2680 datum.
454 2614 590 2679 Divitias
602 2613 655 2678 alii
669 2625 862 2698 praeponunt,
874 2616 988 2681 bonam

63 2717 116 2781 alii
138 2718 358 2795 valetudinem,
377 2715 431 2780 alii
454 2715 637 2800 potentiam,
660 2714 712 2777 alii
735 2715 874 2791 honores,
895 2717 987 2782 multi

63 2818 156 2883 etiam
170 2820 354 2904 voluptates.
398 2817 572 2881 Beluarum
593 2814 652 2879 hoc
672 2814 797 2898 quidem
811 2827 986 2881 extremum

61 2928 126 2982 est:
152 2919 206 2983 illa
228 2929 334 2983 autem
356 2917 513 3002 superiora
539 2915 653 2978 caduca
676 2922 708 2977 et
732 2914 859 2990 ineerta,
886 2916 986 2999 posita

60 3041 124 3083 non
138 3029 202 3084 tam
216 3021 248 3083 in
270 3019 383 3084 nostris
401 3017 546 3092 consiliis,
561 3015 655 3098 quam
676 3015 710 3078 in
729 3014 863 3079 fortunae
887 3026 985 3083 teme-

59 3119 162 3183 ritate
209 3118 275 3200 Qui
296 3128 401 3184 autem
422 3117 456 3181 in
473 3117 590 3182 virtute
612 3137 767 3180 summum
787 3117 903 3179 bonum
929 3139 984 3201 po·

58 3228 151 3293 nunt,
181 3218 324 3302 praeclare
352 3218 399 3282 illi
432 3216 575 3303 quidem:
607 3215 659 3280 sed
687 3214 753 3280 haec
788 3216 855 3300 ipsa
883 3216 983 3279 virtus

58 3315 226 3382 amicitiam
255 3328 288 3383 et
316 3318 418 3404 gignit
444 3326 477 3382 et
502 3315 661 3389 eontinet3
688 3337 745 3380 nec
770 3314 836 3379 sine
865 3314 982 3380 virtute

57 3414 194 3481 amicitia
215 3438 281 3482 esse
306 3417 369 3482 ullo
395 3427 487 3504 pacto
511 3425 622 3500 potest.
668 3419 719 3477 21.
742 3413 818 3480 Jam
833 3413 981 3478 virtutem

57 3539 97 3582 ex
126 3517 349 3584 consuetudine
372 3517 444 3584 vitae
470 3516 678 3599 sermonisque
710 3512 808 3579 nostri
830 3512 981 3600 interpre-
