2264 3914
100 233 138 289 34
296 174 299 179 Ι
418 224 530 287 CATO
549 224 700 286 Musca.

100 394 225 459 satietas
246 391 318 458 vitas
340 389 415 456 facit
438 391 619 456 satietatem.
667 389 750 458 Sunt
771 388 911 476 pueritiae
934 403 1024 457 certa

100 494 218 558 studia:
242 514 319 556 num
332 491 429 577 igitur
444 514 480 557 θα
494 491 667 555 desiderant
677 491 912 557 adolescentes?
936 491 1023 558 Sunt

100 602 132 656 et
163 591 300 656 ineuntis
336 589 564 655 adolescentia:
597 612 673 653 num
706 611 742 654 θα
772 589 836 672 jam
875 601 1022 656 constans

99 690 229 776 requirit
244 700 326 768 atas,
343 712 411 774 quae
426 691 522 753 medin
537 688 673 754 dicitur?
719 687 802 754 Sunt
817 689 911 754 etiarn
926 689 1022 774 hujus

99 793 215 857 aetatis:
238 815 279 857 ne
294 814 330 856 ea
345 792 469 875 quidem
487 800 669 874 quaeruntur
686 791 705 854 ὲ
722 800 889 854 senectute.
936 790 1022 856 Sunt

98 906 236 976 extrema
250 877 392 976 quaedam
413 891 516 956 studia
535 890 721 956 senectutis:
744 889 827 973 ergit,
844 899 881 955 ut
900 891 1021 982 superi-

98 1015 186 1057 orum
210 1001 338 1076 aetatum
366 990 467 1056 studia
496 990 650 1066 occidunt,
677 989 721 1054 sic
750 989 895 1054 occidunt
925 989 1022 1054 etiam

97 1091 274 1157 senectutis.
322 1090 415 1173 Quod
430 1113 527 1174 quum
542 1089 656 1166 evenit,
668 1089 795 1154 satietas
809 1089 882 1154 vitae
896 1101 1022 1174 tempus

96 1203 255 1258 maturum
266 1192 372 1257 mortis
388 1191 486 1256 affert.
779 1198 782 1203 '

83 1352 85 1358 v
124 1392 243 1457 ‘XXL
263 1396 327 1460 177.
360 1392 516 1477 Equidem
541 1414 605 1457 non
630 1390 730 1469 video,
755 1413 821 1468 cur,
848 1391 925 1477 quid
952 1392 1021 1478 ipse

97 1493 228 1557 sentiam
243 1492 404 1580 demone,
420 1514 483 1556 non
497 1491 626 1556 audeam
641 1491 728 1556 vobis
743 1492 859 1556 dicere:
885 1490 968 1575 quod
983 1492 1022 1558 ed

96 1592 206 1657 melids
220 1591 298 1655 mihi
310 1613 435 1657 eernere
449 1591 565 1665 videor,
578 1591 641 1675 qud
655 1593 694 1656 ab
710 1591 746 1656 ed
760 1591 886 1676 propids
900 1593 1020 1655 absum.

97 1692 167 1776 Ego
193 1701 310 1756 vestros
326 1704 447 1776 patres,
464 1690 502 1754 P.
521 1690 635 1776 Scipio,
649 1700 759 1775 tuque,
777 1690 813 1759 O.
830 1690 920 1767 Lali,
937 1690 1022 1756 viros

96 1791 277 1856 clarissimos
298 1792 436 1874 mihique
457 1791 664 1868 amicissimos,
686 1791 789 1857 vivere
811 1790 961 1867 arbitron
987 1799 1022 1856 et

96 1914 164 1954 eam
193 1892 319 1976 quidem
339 1891 446 1967 vitam,
468 1913 537 1975 quae
566 1899 612 1955 est
641 1889 705 1954 sola
726 1891 793 1956 vita
820 1891 1019 1955 nominanda.

97 1991 191 2067 Nam,
207 1992 281 2055 dum
296 2013 402 2056 sumus
415 1991 449 2055 in
464 1990 511 2054 his
525 1989 637 2055 inclusi
657 1989 855 2076 compagibus
873 1989 1019 2074 corporis,

96 2112 223 2155 munere
247 2091 380 2175 quodam
403 2090 595 2156 necessitatis
619 2100 651 2155 et
671 2090 759 2177 gravi
778 2111 871 2175 opere
892 2089 1020 2174 perfun-

96 2191 214 2274 gimur:
231 2201 277 2255 est
288 2191 371 2255 enim
382 2190 502 2255 animus
514 2189 645 2255 coelestis
656 2212 696 2255 ex
708 2189 857 2253 altissimo
864 2187 1021 2253 domicilio

97 2289 257 2372 depressus
277 2300 309 2353 et
324 2288 414 2372 quasi
428 2289 585 2354 demersus
599 2288 633 2352 in
647 2299 772 2364 terram,
788 2288 890 2352 looum
905 2287 1021 2352 divinae

97 2401 215 2453 naturae
240 2389 467 2472 aeternitatique
485 2389 686 2455 contrarium.
734 2388 798 2456 Sed
819 2388 910 2453 oredo
932 2387 1021 2454 Deos

97 2487 284 2554 immortales
310 2489 454 2574 sparsisse
477 2490 594 2555 animos
615 2489 649 2554 in
673 2511 801 2574 corpora
822 2488 966 2565 humana,
983 2499 1022 2554 ut

98 2598 208 2664 essent,
225 2589 280 2671 qui
300 2598 396 2654 terras
411 2599 584 2666 tuerentur,
603 2589 730 2674 quique,
745 2589 916 2655 celestium
937 2589 1037 2654 ordi·-

98 2712 169 2755 nem
181 2690 432 2775 contemplantes,
444 2690 641 2755 imitarentur
652 2712 724 2754 eum
734 2690 806 2755 vitae
817 2689 908 2754 modo
923 2698 1022 2772 atque

98 2789 278 2853 constantis.
303 2788 373 2854 Nec
387 2812 437 2854 me
451 2790 551 2854 soldm
561 2789 641 2854 ratio
655 2809 691 2854 αθ
705 2787 873 2873 disputatio
884 2786 1021 2872 impulit,

98 2900 135 2954 ut
162 2890 208 2954 ita
240 2889 412 2966 crederem3
447 2890 501 2954 sed
529 2890 673 2957 nobilitas
706 2888 801 2954 etiam
830 2911 1022 2953 summorum

98 2989 348 3074 philosophorum
363 3000 395 3054 et
409 2990 585 3056 auctoritas.
635 2993 685 3056 78.
705 2987 882 3055 Audiebam
897 2989 1022 3074 Pytha-

98 3110 205 3173 goram
234 3088 520 3175 Pythagoreosque‚
546 3089 660 3155 incolas
693 3089 778 3173 paene
806 3098 937 3165 nostros,
964 3089 1023 3172 qui

99 3199 201 3254 essent
216 3191 320 3254 Italici
328 3192 500 3275 philosophi
514 3191 668 3274 quondam
686 3190 846 3266 nominati,
859 3212 1023 3274 nunquam

99 3290 264 3366 dubitdsse,
281 3291 358 3374 quin
384 3313 423 3357 ex
448 3291 591 3357 universa
613 3301 717 3356 monte
740 3290 845 3356 divino
869 3285 1024 3364 delibatos

99 3391 217 3458 animos
231 3390 422 3456 haberemus.
457 3390 760 3455 Demonstrabantur
768 3390 846 3454 mihi
860 3398 1024 3474 praterea,

100 3511 170 3574 quae
187 3489 327 3560 Socrates
342 3513 484 3578 supremo
499 3491 570 3558 vita
584 3491 635 3556 die
650 3491 688 3557 de
703 3489 934 3557 immortalitate
952 3491 1036 3557 ani-s
