2258 3916
477 181 567 242 CAP.
587 180 644 240 XI.
974 181 1014 240 55

88 350 231 428 venisset,
247 350 337 427 hanc,
361 358 397 414 ut
417 346 475 413 sibi
494 349 694 433 ignoscerem,
711 366 832 410 causam
856 343 1013 421 afferebat,

88 452 172 537 quod
195 453 275 517 tanti
299 451 348 514 Ti.
366 448 544 516 Gracchum
559 447 693 523 fecisset,
717 458 763 524 ut,
788 447 940 531 quidquid
960 446 1014 511 ille

87 551 191 628 vellet,
216 552 274 617 sibi
288 551 464 615 faciendum
481 557 615 634 putaret
662 546 744 610 Tum
760 568 835 631 ego:
859 548 1013 618 Etiamne,

38 697 41 703 ,
87 659 114 717 ri
125 666 152 718 te
166 659 198 718 in
215 655 397 738 Capitolium
407 654 498 735 facer
516 653 606 733 ferre
621 651 729 712 uellet?
774 651 950 734 Nunquam,
967 648 1015 712 in·

88 755 167 838 quit,
188 755 328 816 uoluisset
340 754 375 815 id
392 753 529 836 quidem:
554 753 614 824 red,
630 753 658 811 si
674 751 822 826 voluisset,
833 754 1013 833 paruissem.

88 855 214 921 Videtis
226 855 319 937 quam
335 851 453 915 nefaria
463 873 542 915 vox:
560 861 592 913 et
606 849 709 914 hercle
721 851 766 913 ita
781 849 864 926 fecit,
880 850 931 914 vel
945 850 1015 934 plus

87 955 192 1028 etiam,
205 938 299 1037 quadr
315 951 403 1016 dixit.
450 951 524 1016 Non
539 950 622 1014 enim
636 951 741 1034 paruit
752 950 804 1013 ille
820 949 868 1014 Ti.
881 948 1016 1016 Gracchi

87 1054 266 1129 temeritati,
296 1053 350 1117 sed
364 1051 499 1136 praefuit,
521 1072 579 1115 nec
594 1074 626 1115 se
644 1051 788 1115 comitem
806 1051 889 1114 illius
903 1051 1016 1115 furoris

87 1154 141 1218 sed
156 1153 265 1218 ducem
287 1151 431 1237 praebuit.
478 1150 591 1233 Itaque
606 1150 664 1214 hac
684 1150 830 1227 ementiri,
846 1150 1016 1232 quaestione

87 1254 169 1317 nova
183 1252 377 1338 perterritus,
389 1251 423 1314 in
436 1249 546 1314 Asiam
560 1249 710 1335 profugit,
728 1250 766 1313 ad
777 1250 881 1314 hostes
895 1271 929 1314 se
943 1272 1017 1313 eon-

85 1353 172 1429 tulit,
202 1374 308 1437 poenas
330 1350 506 1436 reipublicae
534 1371 644 1434 graves
668 1349 833 1433 justasque
858 1348 1015 1434 persolvit.

88 1449 187 1516 Nulla
215 1458 263 1514 est
286 1448 384 1531 igitur
413 1448 571 1513 excusatio
592 1449 722 1532 peccati,
754 1447 781 1510 si
805 1447 896 1512 amici
924 1448 1017 1512 causei

86 1550 270 1636 peccaveris.
302 1549 396 1624 Nam,
414 1571 511 1631 quum
526 1547 719 1613 conciliatrix
734 1548 876 1612 amicitia
892 1549 1017 1615 virtutis

86 1635 191 1735 opinio
205 1648 312 1725 fuerit,
333 1648 457 1712 difficile
477 1658 525 1712 est
539 1648 706 1712 amicitiam
726 1671 859 1724 manere,
876 1649 901 1713 si
919 1650 938 1713 ri
954 1649 1017 1713 vir·

86 1760 157 1816 tute
172 1749 328 1814 defeceris.
375 1753 426 1812 38.
453 1747 574 1829 Quodsi
594 1758 715 1812 rectum
733 1750 942 1825 statuerimus,
967 1749 1017 1814 vel

87 1849 255 1914 concedere
280 1847 386 1913 amicis
406 1847 560 1932 quidquid
584 1848 692 1924 velint,
719 1849 770 1912 vel
788 1848 954 1933 impetrare
976 1850 1016 1914 ab

87 1951 125 2014 iis
155 1948 309 2034 quidquid
345 1948 487 2025 velimus,
535 1949 673 2034 perfecti·
708 1948 835 2032 quidem
867 1950 1018 2034 sapientiis

88 2051 195 2125 simus,
216 2050 242 2112 si
256 2047 336 2112 nihil
351 2048 462 2112 habeat
477 2069 527 2112 res
542 2048 619 2112 vitii.
669 2046 731 2113 Sed
751 2047 907 2131 loquimur
921 2050 960 2113 de
979 2051 1017 2115 iis

88 2149 204 2225 amicis,
227 2148 283 2233 qui
304 2159 377 2213 ante
397 2147 502 2212 oculos
524 2157 607 2224 sunt,
630 2170 709 2231 quos
731 2148 880 2224 videmus,
903 2160 958 2213 aut
978 2151 1016 2217 de

88 2252 203 2335 quibus
229 2250 410 2314 memoriam
435 2248 618 2334 accepimus,
644 2258 700 2313 aut
729 2271 807 2333 quos
836 2250 924 2314 novit
952 2251 1017 2316 vita

88 2350 269 2415 communis.
314 2349 368 2413 Ex
390 2349 449 2413 hoc
463 2371 593 2413 numero
607 2350 695 2413 nobis
712 2350 854 2436 exempla
868 2353 1018 2416 sumenda

88 2460 180 2526 sunt3
205 2460 237 2516 et
258 2472 365 2514 eorum
390 2449 517 2533 quidem
531 2450 675 2526 maxime,
696 2451 752 2535 qui
774 2451 813 2515 ad
833 2453 1017 2536 sapientiam

87 2551 228 2636 proxime
250 2550 411 2614 accedunt.
457 2555 508 2613 39.
533 2549 829 2635 VidemusPapum
849 2551 1017 2617 AEmilium

90 2651 126 2719 C.
145 2651 283 2715 Luscino
298 2649 480 2715 familiarem
496 2650 690 2715 fuisse—sic
704 2652 723 2714 d
737 2650 878 2736 patribus
898 2656 1017 2740 accepi-

88 2775 208 2815 mus—
221 2751 268 2815 bis
283 2751 346 2816 unci
364 2750 514 2826 consules,
536 2762 569 2815 et
583 2751 716 2836 collegas
730 2751 764 2815 in
779 2754 924 2818 censurat:
949 2765 1018 2819 tum

88 2862 120 2915 et
146 2875 216 2916 cum
236 2852 284 2926 iis,
305 2860 348 2916 ·et
376 2850 458 2915 inter
478 2873 520 2926 se,
550 2851 816 2935 conjunctissimos
842 2851 947 2944 fuisse
960 2853 1015 2917 Μ’.

90 2951 222 3018 Curium
241 2962 274 3022 et
290 2951 340 3015 Ti.
359 2951 591 3018 Coruncanium
617 2953 772 3016 memoriae
787 2953 943 3036 proditum
960 2966 1015 3018 est.

90 3051 195 3136 Igitur
220 3074 260 3116 ne
290 3052 438 3136 suspidari
468 3052 594 3135 quidem
625 3074 798 3137 possumus,
829 3074 1018 3136 quemquam

88 3151 200 3215 horum
221 3152 261 3214 ab
283 3151 382 3216 amico
405 3150 565 3236 quippiam
586 3152 790 3227 contendisse,
806 3153 891 3236 quod
911 3165 1018 3217 contra

87 3250 192 3325 fidem,
209 3259 316 3315 contra
326 3251 557 3336 jusjurandum,
570 3263 679 3317 contra
693 3253 915 3337 rempublicam
927 3270 1017 3318 esset.

89 3350 174 3415 Nom
189 3349 247 3414 hoc
267 3350 394 3433 quidem
414 3353 447 3416 in
462 3351 578 3416 talibus
594 3352 667 3416 viris
682 3352 758 3435 quid
778 3351 891 3416 attinet
906 3351 1018 3429 dicere,

85 3450 114 3516 si
136 3451 355 3530 contendisset,
371 3453 434 3518 scio
449 3452 689 3539 impetraturum
709 3474 773 3516 non
791 3451 898 3530 fuisse,
921 3473 1020 3536 quum

87 3550 134 3619 illi
149 3551 335 3620 sanctissimi
350 3553 409 3620 viri
423 3553 553 3629 fuerint,
568 3553 658 3638 eque
672 3563 778 3619 autem
794 3550 883 3618 nefas
902 3554 947 3618 sit
957 3554 1029 3617 cue

532 3673 582 3719 nt
