2258 3916
97 246 136 302 20
420 243 532 305 CATO
553 245 704 305 MAJOR.

98 430 131 472 se
150 429 207 492 pro
221 407 379 492 republica
398 419 511 492 quarto
525 410 687 474 consulatu
703 409 877 474 devoverat.
923 409 959 476 N
960 412 1037 479 orat

96 510 229 575 eundem
245 510 419 587 Fabricius,
435 511 525 576 ndrat
542 511 773 578 Coruncanius:
798 513 853 596 qui
873 534 977 597 quum
992 534 1037 579 ex

98 612 155 675 sud
176 611 252 688 vitai,
278 621 347 676 tum
364 634 404 677 ex
428 613 503 697 ejus,
528 635 622 697 quem
648 614 726 691 dico,
749 613 788 678 P.
816 613 907 678 Decii
930 613 1034 693 facto,

93 712 276 796 judicabant
286 735 351 779 esse
362 713 503 799 profecto
517 714 636 798 aliquid
646 714 758 779 nature
772 714 914 801 pulcrum
929 726 1035 800 atque

96 815 286 898 praeclarum,
318 816 402 899 quod
436 817 492 880 sua
522 825 632 901 sponte
665 828 832 901 peteretur,
866 816 1033 900 quodque,

97 917 201 1001 spreta
224 926 257 982 et
275 919 432 982 contemta
457 918 627 1003 voluptate,
653 918 789 1002 optimus
818 918 954 1002 quisque
982 941 1034 985 se·

98 1029 254 1101 queretur.
297 1024 350 1084 44.
375 1018 534 1099 Quorsum
554 1019 651 1105 igitur
665 1029 730 1083 tam
747 1019 847 1083 multa
861 1018 900 1083 de
915 1019 1033 1106 volup·

96 1122 185 1186 tate?
209 1122 369 1206 quianon
393 1122 484 1186 modo
505 1121 693 1206 vituperatio
721 1121 817 1197 nulla,
848 1121 902 1185 sed
931 1122 1033 1188 etiam

96 1245 217 1288 summa
230 1224 297 1289 laus
316 1224 483 1289 senectutis
497 1234 555 1299 est,
576 1223 659 1308 qubd
678 1246 715 1288 ea
734 1222 909 1309 voluptates
924 1224 1032 1290 nullas

95 1348 282 1412 magnopere
296 1326 457 1390 desiderat.

109 1456 122 1467 ··
140 1429 189 1492 At
204 1439 288 1492 caret
310 1426 420 1511 epulis,
438 1425 666 1509 exstructisque
685 1426 809 1502 mensis,
826 1436 858 1491 et
877 1426 1032 1511 frequen·

95 1526 181 1593 tibus
202 1527 329 1614 poculis.
376 1527 472 1594 Caret
491 1529 565 1613 ergb
588 1528 681 1593 etiam
704 1529 884 1606 vinolentia,
900 1539 934 1594 et
956 1551 1034 1596 cru·

96 1631 204 1707 ditate,
234 1641 267 1697 et
295 1632 461 1696 insomniis.
510 1632 573 1698 Sed
602 1631 628 1696 si
657 1632 775 1717 aliquid
810 1632 948 1697 dandum
980 1644 1031 1699 est

95 1732 260 1816 voluptati,
281 1733 428 1816 quoniam
449 1734 515 1817 ejus
542 1732 699 1798 blanditiis
722 1756 785 1798 non
810 1734 901 1798 facile
927 1737 1031 1801 obsis·

95 1832 347 1900 timus-divine
362 1835 445 1899 enim
454 1835 550 1901 Plato
567 1859 663 1898 escam
675 1838 822 1900 malorum
832 1836 1032 1922 voluptatem

95 1935 241 2021 appellat,
271 1937 356 2022 qudd
384 1938 421 2002 ed
444 1937 589 2004 videlicet
618 1936 756 2001 homines
785 1938 956 2022 capiantur,
990 1953 1031 2007 ut

94 2035 187 2102 hamo
212 2039 560 2124 pisces—quamquam
581 2038 791 2103 immoderatis
813 2039 912 2123 epulis
938 2054 1031 2108 caret

95 2150 247 2217 senectus,
273 2142 401 2207 modicis
426 2151 533 2206 tamen
558 2140 708 2206 conviviis
733 2139 880 2205 delectari
908 2151 1028 2225 potest.

95 2238 134 2306 C.
161 2240 328 2319 Duillium,
354 2242 401 2306 M.
425 2241 535 2317 filiurn,
566 2241 621 2324 qui
646 2240 760 2305 Poenos
785 2241 880 2306 classe
905 2241 1031 2327 primus

94 2342 260 2420 devicerat,
285 2345 468 2409 redeuntem
493 2345 512 2408 d
537 2345 623 2408 coend
645 2366 749 2408 senem
775 2366 855 2429 saepe
881 2344 1031 2413 videbam

93 2464 189 2527 puer3
207 2443 419 2510 delectabatur
433 2446 540 2511 crebro
554 2444 654 2509 funali
669 2455 700 2510 et
714 2445 851 2522 tibicine,
868 2467 938 2530 quae
952 2446 1029 2528 sibi,

92 2544 182 2609 nullo
208 2546 358 2631 exemplo,
385 2546 524 2631 privatus
547 2556 717 2611 sumserat:
737 2556 862 2611 tantum
889 2548 1031 2616 licentiae

94 2647 188 2711 dabat
202 2647 308 2732 gloria.
352 2653 405 2713 45.
431 2647 494 2714 Sed
516 2649 593 2734 quid
615 2671 673 2735 ego
693 2649 790 2714 alios?
812 2649 851 2714 ad
870 2650 1030 2735 meipsum

92 2750 157 2834 jam
172 2760 318 2815 revertar.
353 2749 496 2817 Primum
510 2751 605 2816 habui
627 2774 746 2837 semper
761 2751 887 2818 sodales.
924 2751 1030 2820 Soda-

94 2852 198 2917 litatea
219 2863 333 2931 autem,
355 2877 404 2919 me
430 2865 593 2938 quaestore,
620 2856 795 2921 constitutae
818 2865 901 2933 sunt,
928 2858 1029 2924 sacris

94 2953 186 3018 Idaeis
202 2955 328 3041 Magna
342 2955 464 3027 ‘Matris
477 2958 620 3042 acceptis.
665 2957 824 3042 Epulabar
839 2958 935 3044 igitur
950 2979 1029 3026 cum

94 3055 250 3120 sodalibus
278 3057 403 3121 omnino
429 3058 556 3134 modice,
587 3058 641 3123 aed
670 3068 736 3123 erat
765 3058 891 3142 quidam
916 3058 1029 3127 fervor

94 3156 211 3220 aetatis:
230 3158 293 3240 qud
311 3158 535 3244 progrediente,
556 3159 659 3223 omnia
678 3159 759 3223 fiunt
776 3159 873 3224 indies
886 3158 1025 3228 mitiora.

94 3257 211 3341 Neque
225 3259 308 3324 enim
327 3259 463 3344 ipsorum
483 3262 694 3327 conviviorum
714 3261 947 3327 delectationem
968 3285 1027 3328 vo-

93 3359 265 3444 luptatibus
287 3361 421 3446 eorporis
443 3363 550 3448 magis,
573 3364 667 3447 quam
694 3374 774 3428 coetu
798 3365 968 3430 amicorum
990 3377 1027 3432 et

93 3461 295 3538 sermonibus,
311 3461 469 3527 metiebar.
502 3463 591 3529 Bene
611 3462 693 3528 enim
707 3463 838 3548 majores
851 3465 950 3529 nostri
970 3487 1027 3530 ae·

93 3560 280 3628 cubitionem
302 3562 459 3650 epularem
479 3563 657 3644 amicorum,
682 3564 756 3649 quia
777 3566 849 3632 aitae
873 3566 1026 3652 conjunc·
