2258 3916
460 203 549 266 CAP.
569 205 623 264 VI.
1004 214 1023 267 9
1115 204 1117 208 ’

96 367 149 434 ille
175 378 279 436 autem
303 369 426 436 clavum
447 380 557 436 tenens
584 371 688 436 sedeat
714 371 747 434 in
769 369 865 456 puppi
888 373 1021 456 quietus.

98 471 280 557 Nonfaoiat
294 496 340 549 ea,
357 495 426 557 quae
445 475 585 558 juvenes.
633 475 682 540 At
696 475 771 540 veri)
791 474 892 540 multb
908 478 1022 559 majora

97 585 129 640 et
143 575 269 641 meliora
283 575 369 640 facit.
416 576 490 642 Non
505 578 634 654 viribus,
650 588 705 642 aut
719 577 945 664 velocitatibus‚
968 588 1024 642 aut

97 676 253 742 celeritate
265 699 438 762 corporum,
449 701 497 743 res
513 703 633 766 magnae
645 689 807 765 geruntur,
821 679 874 744 sed
885 679 1023 755 consilio,

97 779 292 856 auctoritate,
316 779 490 854 sententib3
515 781 629 863 quibus
649 803 712 844 non
728 780 818 845 modo
834 802 896 844 non
912 781 1022 854 orbari,

97 881 152 944 sed
166 880 260 946 etiam
274 881 392 966 augeri,
409 894 551 947 senectus
574 882 660 947 solet.
710 888 757 945 18.
786 881 856 946 Nisi
871 882 952 946 forte
966 873 1024 967 ego

97 981 194 1058 vobis,
211 982 266 1065 qui
282 992 314 1047 et
329 982 416 1046 miles
439 993 471 1047 et
493 983 638 1048 tribunus
661 992 694 1048 et
717 983 839 1069 legatus
862 992 895 1047 et
917 983 1022 1048 consul

97 1094 238 1149 versatus
254 1106 322 1148 sum
336 1084 369 1148 in
384 1085 470 1150 vario
485 1108 597 1171 genere
612 1086 775 1162 bellorum,
799 1108 918 1150 cessare
940 1108 1024 1150 nuno

97 1183 214 1260 videor,
231 1206 328 1268 quum
343 1186 425 1250 bella
440 1208 503 1250 non
517 1208 600 1272 gero.
647 1186 696 1250 At
711 1186 844 1262 senatui,
861 1208 930 1269 quae
951 1197 1024 1249 sunt

97 1285 240 1369 gerenda,
264 1287 437 1371 praescribe,
461 1298 494 1351 et
516 1286 690 1370 quomodb;
714 1285 920 1373 Carthagini,
944 1286 1024 1350 male

92 1386 229 1470 jamdiu
250 1388 410 1473 cogitanti,
433 1388 549 1453 bellum
572 1388 671 1453 multi>
694 1389 767 1454 ante
789 1388 962 1463 denunci03
986 1388 1024 1451 de

98 1490 160 1571 quia
186 1490 287 1555 vereri
311 1514 375 1556 non
401 1492 473 1556 ante
495 1491 643 1568 desinam,
667 1494 761 1575 quam
783 1491 869 1555 illam
892 1491 1024 1555 excisam

50 1579 64 1661 Ξ
97 1612 169 1665 esse,
192 1613 375 1677 cognovero.
435 1598 483 1658 19.
521 1591 626 1674 Quam
654 1593 788 1678 palmam
818 1594 938 1658 utinam
968 1591 1024 1654 Dii

96 1692 285 1758 immortales
309 1694 376 1770 tibi,
407 1693 522 1778 Scipio,
547 1705 718 1772 reservent,
743 1705 780 1760 ut
802 1696 853 1760 avi
878 1695 1024 1778 reliquias

96 1795 297 1881 persequare!
336 1796 435 1881 Cujus
450 1799 468 1861 a
483 1808 582 1862 morte
597 1798 647 1863 hio
659 1798 789 1881 quintus
804 1808 837 1863 et
852 1797 1024 1862 tricesimus

97 1907 144 1960 est
159 1920 277 1974 annus3
302 1898 355 1962 sed
370 1899 549 1963 memoriam
564 1900 648 1964 illius
663 1885 723 1964 viri
739 1900 896 1984 excipient
915 1919 1023 1985 ¹omnes

97 1998 172 2061 anni
193 2010 429 2081 consequentes.
476 1999 572 2063 Anno
594 2012 667 2066 ante
689 2023 739 2064 me
762 2022 920 2065 censorem
942 2019 1023 2060 mor-

97 2108 172 2161 tuus
188 2109 245 2174 est,
261 2120 374 2163 novem
389 2098 477 2162 annis
492 2109 562 2184 post
577 2122 681 2163 meum
697 2100 902 2174 consulatum,
926 2120 1024 2179 quum

97 2198 206 2263 consul
217 2199 342 2275 iterum,
354 2221 404 2263 me
415 2199 551 2294 consule,
564 2211 687 2264 oreatus
700 2210 788 2265 esset.
815 2199 901 2264 Num
916 2198 1023 2283 igitur,

98 2301 124 2365 si
147 2301 187 2365 ad
213 2301 416 2366 centesimum
446 2324 564 2366 annum
586 2297 728 2379 vixisset,
757 2300 926 2367 senectutis
952 2322 1023 2364 eum

98 2426 160 2468 suae
176 2403 367 2489 poeniteret?
398 2402 469 2469 Nec
481 2404 563 2469 enirn
580 2405 772 2479 excursione,
788 2424 846 2469 nee
861 2401 952 2477 saltu,
967 2422 1024 2465 neo

98 2506 219 2571 eminus
235 2505 331 2570 hastis
353 2515 408 2570 aut
431 2506 570 2571 cominus
584 2506 695 2592 gladiis
704 2518 865 2580 uteretur3
882 2504 936 2569 sed
951 2526 1024 2568 con-

97 2607 175 2684 silio,
191 2607 320 2682 ratione,
343 2607 505 2672 sententia.
553 2606 633 2689 Quae
648 2608 707 2672 nisi
723 2617 826 2672 essent
841 2607 873 2669 in
889 2605 1022 2680 senibus,

96 2730 160 2773 non
182 2730 339 2772 summum
361 2707 524 2772 eonsilium
546 2706 677 2791 majores
699 2705 1023 2792 nostriappellbssent

101 2811 255 2875 Senatum.
306 2815 358 2875 20.
382 2809 481 2894 Apud
502 2808 755 2875 Lacedaemonios
771 2809 897 2893 quidem
911 2808 942 2882 ii,
961 2811 1022 2892 qui

98 2910 321 2997 amplissimum
339 2909 559 2995 magistratum
580 2920 704 2996 gerunt,
720 2920 757 2975 ut
772 2919 855 2984 sunt,
871 2908 915 2972 sic
930 2909 1024 2973 etiam

96 3015 308 3090 nominantur,
325 3036 415 3077 senec.
464 3011 583 3094 Quodsi
602 3013 706 3100 legere
721 3025 776 3078 aut
791 3012 897 3077 audire
913 3012 1022 3077 voletis

98 3127 236 3192 externa,
252 3115 404 3180 maximas
419 3114 608 3200 respublicas
623 3117 661 3181 ab
676 3115 923 3182 adolescentibus
938 3115 1024 3181 labe-

96 3216 204 3291 factas,
220 3217 239 3280 a
253 3216 378 3282 senibus
393 3225 583 3282 sustentatas
595 3226 627 3281 et
641 3217 804 3282 restitutas
819 3216 987 3302 reperietis.

102 3392 191 3468 Cede,
207 3397 260 3476 qut
274 3403 403 3458 uestrum
419 3393 632 3477 rempublicam
655 3403 771 3457 tantam
795 3397 937 3457 omisistis
959 3406 1020 3458 tom

183 3493 241 3559 cito*
252 3500 269 3558 t

504 3631 534 3668 ‚B
550 3622 565 3668 5
