2258 3916
142 235 180 296 76
525 234 700 296 LAELIUS.

141 411 178 466 ut
194 400 238 465 ait
252 399 336 465 idem
357 398 543 478 Terentius3
567 401 621 466 sed
642 400 696 466 ille
718 402 777 466 sub
802 399 981 468 Gnathonis
1004 425 1083 489 per·

141 501 235 577 sonai3
259 500 344 584 quod
361 499 484 587 [amici]
500 523 600 587 genus
615 500 761 566 adhibere
784 500 912 567 omnino
935 502 1081 569 levitatis

141 612 197 667 est
253 607 303 667 94.
336 601 436 666 Multi
465 613 570 667 autem
598 601 804 668 Gnathonum
833 601 948 667 similes
974 624 1080 687 quum

141 704 214 781 sint,
230 703 307 780 loco,
319 703 454 780 fortunia,
470 703 553 767 fama
568 703 759 788 superiores3
782 703 893 768 horum
908 712 956 768 est
970 726 1080 769 assen·

141 806 219 872 tatio
234 805 372 882 molesta,
389 828 487 890 quum
502 805 542 869 ad
558 805 727 870 vanitatem
743 805 872 870 accessit
892 805 1076 877 auctoritas.

142 915 192 975 95.
220 909 346 976 Secerni
361 919 466 973 autem
482 909 615 975 blandus
637 908 755 972 amicus
776 909 796 972 d
816 929 891 974 vero
914 918 947 973 et
968 908 1072 973 inter-

140 1009 226 1074 nosci
252 1020 318 1073 tam
344 1019 457 1094 potest,
482 1007 621 1072 adhibita
646 1007 822 1094 diligentia,
846 1010 942 1094 quam
966 1009 1075 1074 omnia

140 1108 246 1175 fucata
267 1120 300 1175 et
320 1109 465 1174 simulata
485 1110 504 1176 a
526 1108 653 1173 sinceris
675 1118 771 1192 atque
793 1108 883 1174 veris.
943 1108 1077 1187 Conci0,

141 1235 212 1298 quae
234 1235 273 1277 ex
296 1209 533 1296 imperitissimis
554 1219 686 1285 constat,
710 1219 814 1273 tamen
832 1210 973 1295 judicare
996 1217 1077 1283 solet

141 1313 217 1397 quid
231 1311 354 1376 intersit
369 1311 452 1375 inter
466 1309 657 1395 popularem,
680 1308 785 1386 idest,
802 1320 1026 1378 assentatorem
1043 1328 1077 1382 et

141 1412 243 1477 levem
273 1411 383 1487 civem,
421 1419 453 1475 et
488 1409 571 1474 inter
605 1410 810 1485 constantem,
848 1431 1003 1491 severum,
1042 1429 1076 1483 et

139 1533 276 1596 marem.
326 1514 377 1576 96.
403 1508 528 1591 Quibus
551 1508 712 1574 blanditiis
739 1508 777 1576 C.
801 1509 947 1596 Papirius
973 1536 1076 1602 nuper

140 1611 291 1677 influebat
305 1612 339 1675 in
354 1633 444 1676 aures
459 1610 625 1686 concionis,
650 1633 749 1695 quum
770 1609 867 1677 ferret
890 1612 1012 1700 Legem
1036 1618 1076 1682 de

142 1710 293 1775 Tribunis
310 1709 417 1774 Plebis
432 1709 624 1774 reficiendisl
668 1709 882 1776 Dissuasimus
896 1733 961 1777 nos.
1011 1714 1076 1782 Sed

139 1810 218 1874 nihil
233 1811 272 1875 de
288 1832 357 1886 me3
381 1809 420 1874 de
446 1809 590 1895 Scipione
612 1809 712 1874 dicam
735 1808 893 1876 libentids
941 1811 1076 1895 Quanta

139 1911 202 1987 illa,
219 1910 276 1974 Dii
290 1909 497 1975 immortalesl
512 1910 574 1975 fuit
589 1909 737 1996 gravitas,
752 1921 871 1994 quanta
884 1912 918 1975 in
933 1914 1075 1981 oratione

138 2009 303 2096 majestasl
334 2020 371 2075 ut
396 2009 488 2075 facile
512 2010 623 2075 ducem
649 2009 757 2095 populi
782 2008 919 2075 Romani
945 2011 1073 2079 diceres.

142 2111 205 2178 Sed
229 2113 372 2188 affuistis,
389 2121 422 2177 et
443 2122 491 2176 est
509 2111 543 2175 in
569 2112 713 2175 manibus
739 2111 849 2176 oratio.
890 2112 1006 2197 Itaque
1021 2114 1075 2181 lex

139 2212 297 2300 popularis
312 2211 467 2297 suffragiis
481 2211 590 2296 populi
605 2211 770 2296 repudiata
785 2221 842 2276 est.
889 2211 1011 2297 Atque,
1035 2227 1074 2280 nt

140 2313 179 2376 ad
211 2335 260 2376 me
294 2312 426 2387 redeam,
463 2310 656 2385 meministis,
698 2311 738 2391 Q.
778 2310 933 2389 Maximo,
972 2313 1073 2380 fratre

143 2411 307 2497 Scipionis,
327 2422 360 2475 et
375 2410 415 2476 Ia
433 2410 582 2475 Mancino
597 2410 787 2486 consulibus,
804 2411 899 2495 qudm
914 2412 1073 2498 popularis

139 2515 191 2578 lex
224 2514 263 2578 de
299 2510 485 2579 sacerdotiis
523 2510 560 2578 C.
599 2511 715 2576 Licinii
753 2509 859 2578 Crassi
895 2513 1071 2580 videbatur.

141 2612 308 2698 Cooptatio
338 2613 421 2677 enim
451 2611 651 2698 collegiorum
681 2611 720 2676 ad
749 2612 856 2698 populi
885 2613 1073 2683 beneficium

139 2715 396 2780 transferebatur.
443 2713 555 2796 Atque
569 2712 596 2776 is
611 2712 730 2797 primus
751 2710 943 2777 instituit‘in
966 2714 1072 2779 forum

139 2837 247 2879 versus
270 2835 362 2899 agere
388 2834 460 2877 cum
486 2811 622 2897 populo:
649 2821 755 2875 tamen
777 2810 860 2874 illius
882 2811 1072 2878 vendibilem

139 2918 311 2983 orationem
326 2915 436 3001 religio
451 2914 579 2979 deorum
595 2913 826 2990 immortalium,
850 2913 940 2978 nobis
962 2913 1073 2980 defen·

139 3019 295 3094 dentibus,
333 3016 424 3082 facile
459 3016 614 3081 vincebat.
670 3013 782 3098 Atque
813 3013 847 3079 id
874 3025 981 3080 actum
1011 3029 1069 3094 est,

139 3129 269 3204 praetore
299 3140 359 3194 me,
391 3116 607 3200 quinquennio
637 3115 710 3181 antd
739 3115 836 3199 quim
864 3115 973 3181 consul
999 3139 1071 3182 sum

139 3221 249 3286 factus.
304 3219 356 3285 Ita
378 3242 411 3284 re
433 3217 542 3305 magis,
565 3219 660 3302 quam
682 3215 879 3293 auctoritate,
902 3238 994 3284 causa
1016 3217 1071 3282 illa

139 3321 264 3387 defensa
277 3330 333 3385 cst.

61 3504 127 3690 κ
184 3523 321 3591 XXVI.
347 3528 397 3590 97.
424 3521 546 3606 Quodsi
566 3522 600 3589 in
622 3522 724 3600 suenci,
740 3521 772 3590 id
787 3532 843 3601 est,
859 3519 1070 3598 inconcione,
