2258 3916
94 262 133 320 28
415 258 525 319 CATO
544 258 696 320 MAJOR.

97 422 220 489 Caecilio
229 421 377 488 Metello!
404 422 534 505 Quanta
543 423 577 486 in
588 421 686 488 Atilio
699 421 859 489 Calatinol
874 422 905 486 iu
921 442 1023 505 quem

95 523 173 588 illud
201 523 336 610 elogium
364 524 500 600 unicum,
528 526 676 588 Plurima
705 525 891 588 consentiunt
913 535 1023 608 pentes

91 626 201 707 populi
216 628 399 708 primariam
416 627 518 709 faisse
539 629 646 690 virum.
695 623 815 688 Notum
830 632 877 687 est
891 645 1022 689 carmen

95 723 226 787 incisum
248 724 281 786 in
302 723 450 809 sepulum.
503 723 585 789 Jure
610 723 707 810 igitur
730 723 843 808 gravis,
862 724 950 807 cujus
978 723 1024 789 de

95 821 237 887 laudibus
266 825 403 888 omnium
435 833 514 888 esset
542 822 625 887 fama
652 822 853 887 consentiens.
909 820 1023 902 Quem

95 922 196 987 virum
233 923 272 988 P.
297 923 452 999 Crassum,
489 945 588 1008 nuper
622 921 798 1007 pontificem
834 920 1020 1000 maximum,

96 1043 189 1105 quem
221 1024 327 1108 postea
350 1023 397 1087 M.
425 1023 580 1107 Lepidum
609 1021 715 1086 eodem
744 1019 912 1084 sacerdotio
936 1042 1022 1104 prse-

94 1120 378 1198 ditum,vidimus1
423 1120 511 1201 Quid
535 1119 574 1186 de
596 1119 709 1184 Paullo
726 1128 781 1183 aut
796 1117 946 1183 Africano
969 1119 1023 1185 lo-

95 1221 195 1301 quar?
217 1231 281 1297 aut,
297 1232 333 1285 ut
341 1222 406 1304 jam
420 1219 502 1295 ante,
518 1219 557 1284 de
572 1219 735 1285 Maximo?
757 1239 889 1301 quorum
902 1240 967 1282 non
983 1219 1022 1284 in

95 1318 248 1383 sententia
270 1319 379 1394 solum,
398 1318 452 1382 sed
471 1318 565 1383 etiam
586 1317 619 1383 in
640 1328 722 1381 nutu
735 1315 887 1381 residebat
906 1327 1021 1382 aucto-

94 1417 177 1481 ritas
224 1415 331 1482 Habet
354 1427 504 1493 senectus,
525 1415 675 1480 honorata
693 1415 871 1500 prasertim,
893 1425 1022 1482 tantam

94 1516 319 1592 auctoritatem,
342 1527 379 1582 ut
398 1539 435 1581 ea
455 1516 552 1601 pluris
574 1514 624 1593 sit,
647 1516 741 1600 quam
768 1537 873 1580 omnes
894 1514 1021 1582 adoles-

95 1615 202 1680 centia
216 1615 399 1700 voluptates.

138 1813 277 1880 XVHI.
294 1819 345 1879 62.
371 1812 434 1879 Sed
447 1812 579 1909 inomni
593 1814 730 1879 oratione
744 1823 932 1882 mementote
947 1837 1021 1880 eam

93 1936 144 1980 me
155 1914 280 1979 laudare
289 1923 488 1988 senectutem,
504 1935 573 1996 quae
585 1913 792 1979 fundamentis
803 1912 1021 1980 adolescentiae

93 2013 263 2078 constituta
274 2013 323 2077 sit.
359 2012 412 2077 Ex
426 2034 488 2096 quo
499 2011 532 2076 id
546 2011 815 2096 efficitur—quod
829 2034 887 2096 ego
901 2034 1020 2097 magno

94 2112 249 2195 quondam
270 2133 341 2176 cum
366 2133 490 2176 assensu
509 2110 646 2174 omniurn
660 2109 925 2173 dixi-Miseram
949 2131 1021 2178 esse

94 2223 294 2288 senectutem,
315 2233 384 2295 quae
403 2234 436 2275 se
450 2211 588 2276 oratione
609 2209 796 2275 defenderet.
842 2209 914 2274 Non
934 2213 1019 2289 cani,

94 2335 157 2376 non
175 2335 259 2397 rugae
281 2311 407 2396 repente
426 2311 641 2376 auctoritatem
660 2310 793 2396 arripere
806 2320 945 2395 possunt,
961 2313 1022 2375 sed

93 2414 220 2478 honeste
242 2424 311 2478 acta
332 2412 471 2497 superior
489 2422 563 2477 setas
584 2412 703 2475 fructus
723 2410 805 2496 capit
822 2410 1021 2475 auctoritatis

93 2525 256 2578 extremos.
303 2518 352 2578 63.
378 2512 457 2577 Haec
471 2514 552 2577 enim
566 2512 632 2598 ipsa
646 2520 719 2576 sunt
732 2510 929 2586 honorabilia,
946 2532 1022 2594 quae

93 2613 239 2677 videntur
267 2612 347 2677 levia
383 2622 479 2696 atque
507 2611 690 2688 communia,
728 2610 865 2686 salutari,
898 2612 1019 2694 appeti,

93 2711 207 2788 decedi,
229 2711 357 2796 assurgi,
372 2709 492 2787 deduci,
513 2709 627 2786 reduci,
643 2708 777 2784 oonsuli3
801 2730 871 2790 quae
885 2716 917 2771 et
932 2711 1021 2793 apud

93 2834 158 2888 nos,
174 2823 207 2875 et
224 2812 258 2875 in
273 2811 340 2875 aliis
354 2810 540 2885 civitatibus,
556 2822 593 2874 ut
608 2831 739 2893 quaeque
753 2808 868 2892 optimc
883 2820 1019 2885 morata,

93 2911 137 2975 ita
151 2911 383 2997 diligentissime
403 2914 613 2976 observantur.
659 2909 857 2995 Lysandrum
869 2903 1021 2972 Lacedae-

93 3011 240 3088 monium,
270 3012 357 3096 cujus
382 3011 473 3076 modd
496 3012 684 3075 mentionem
706 3009 775 3086 feci,
802 3008 902 3071 dicere
925 3007 1021 3072 aiunt

94 3111 227 3186 solitum,
243 3110 464 3176 Lacedaemone
479 3133 545 3176 esse
564 3109 811 3175 honestissimum
825 3106 1021 3172 domicilium

93 3210 278 3275 senectutis:
302 3234 456 3295 nusquam
483 3211 566 3276 enim
593 3220 717 3275 tantum
742 3208 890 3272 tribuitur
917 3208 1019 3285 aetati,

92 3332 246 3393 nusquam
268 3319 314 3374 est
336 3321 478 3375 senectus
499 3310 685 3376 honoratior.
747 3307 929 3389 Quinetiam
950 3330 1021 3372 me-

92 3411 195 3474 moriae
209 3409 365 3495 proditum
380 3421 436 3488 est,
458 3434 554 3495 quum
573 3408 718 3485 Athenis,
733 3408 824 3485 ludis,
841 3405 968 3493 quidam
984 3408 1021 3474 in

94 3509 249 3575 theatrum
271 3511 394 3597 grandis
416 3522 495 3577 natu
517 3509 661 3587 venisset,
683 3508 717 3571 in
737 3529 850 3593 magno
871 3528 1022 3574 consessu
