2264 3914
444 215 533 275 CAP.
554 213 660 274 XXIL
984 211 1020 273 ἵ]

96 381 155 448 sibi
170 381 301 466 quisquc
318 404 407 447 carus
422 391 479 446 est.
526 380 620 463 Quod
636 379 697 445 nisi
711 378 793 445 idem
808 377 839 443 in
855 378 1021 444 amicitiam

96 482 309 557 transferetur,
324 503 417 545 verus
437 480 554 545 amicus
576 502 737 563 nunquam
760 478 950 564 reperietur:
974 493 1021 543 est

96 582 179 646 enim
200 581 228 646 is
248 581 374 664 quidem
394 591 555 663 tamquam
577 578 656 644 alter
677 579 769 646 idem.
823 573 873 642 81.
899 576 1021 660 Qubdsi

96 681 155 746 hoc
177 691 305 766 apparet
328 680 362 743 in
380 679 499 756 bestiis,
523 677 710 754 volucribus,
734 677 891 754 nantibus,
918 700 1022 762 agres-

96 779 192 852 tibus,
211 779 376 854 cicuribua
400 778 484 856 feris,
502 777 639 863 primdm
654 789 691 842 ut
705 799 738 843 se
752 778 827 862 ipsae
842 776 1022 862 diligant—-

97 880 129 945 id
163 881 247 946 enim
276 881 394 964 pariter
423 901 494 945 cum
524 880 610 944 omni
638 879 795 943 animante
824 877 964 943 nascitur
980 914 1022 925 -

97 981 219 1056 deinde,
254 992 292 1045 ut
321 979 482 1063 requirant
510 989 607 1062 atque
636 989 786 1064 appetant
815 977 854 1042 ad
883 1000 960 1061 quas
990 999 1024 1041 se

98 1079 255 1164 applicent
269 1080 405 1163 ejusdem
420 1079 541 1165 generis
563 1077 885 1161 animantes-idque
904 1076 1023 1143 faciunt

98 1202 170 1245 cum
191 1179 352 1256 desideria,
372 1190 404 1244 et
426 1203 497 1244 cum
525 1179 659 1263 quddam
685 1179 887 1243 similitudine
911 1179 1023 1242 amoris

97 1277 226 1343 humani
235 1317 276 1327 -
287 1280 405 1362 quantb
426 1280 458 1343 id
480 1278 579 1364 magis
593 1279 626 1343 in
641 1278 764 1343 homine
779 1278 816 1343 fit
831 1278 951 1352 naturai,
968 1277 1024 1360 qui

98 1390 131 1443 et
145 1401 178 1444 se
192 1379 257 1464 ipse
272 1380 383 1466 diligit,
400 1390 432 1445 et
447 1380 580 1446 alterum
603 1379 753 1465 anquirit,
774 1379 863 1465 cujus
883 1378 1022 1441 animum

97 1479 143 1544 ita
169 1502 241 1546 cum
270 1504 326 1547 suo
355 1482 491 1558 misceat,
523 1493 559 1547 ut
575 1482 689 1548 efficiat
726 1481 812 1567 paend
849 1503 947 1545 unum
985 1502 1024 1543 ex

98 1579 246 1646 duobus?

142 1783 265 1848 XXII.
290 1790 340 1849 82.
367 1784 429 1849 Sed
454 1784 595 1870 plerique
617 1786 769 1871 perverse,
785 1808 825 1852 ne
846 1785 947 1849 dicam
968 1784 1024 1846 im-

99 1886 261 1970 pudenter,
277 1889 411 1952 amicum
437 1887 550 1952 habere
575 1888 668 1952 talem
690 1889 809 1964 volunt,
834 1888 940 1971 quales
965 1887 1024 1970 ipsi

100 2011 165 2053 esse
185 2011 247 2052 non
262 2002 409 2072 possunt;
434 2012 566 2073 quaeque
588 1991 647 2075 ipsi
666 2013 729 2055 non
744 1990 888 2055 tribuunt
909 1989 1023 2062 amicis,

99 2089 164 2159 baec
178 2092 218 2153 ab
232 2089 270 2153 iis
284 2091 466 2154 desiderant
506 2091 571 2155 Par
585 2103 632 2156 est
647 2102 762 2166 autem,
774 2091 908 2174 primum
923 2089 1025 2174 ipsum

99 2214 166 2259 esse
181 2191 283 2258 virum
297 2195 422 2269 bonum,
440 2205 508 2258 tum
522 2194 654 2258 alterum
669 2193 800 2258 similem
815 2192 863 2258 sui
878 2215 1024 2277 quaerere.

100 2293 142 2359 In
162 2293 277 2359 talibus
297 2317 342 2371 ea,
359 2317 451 2378 quam
473 2295 659 2380 jamdudum
680 2307 858 2374 tractamus,
874 2296 1025 2361 stabilitas

100 2396 242 2461 amicitias
264 2398 438 2463 confirmari
462 2409 573 2482 potest,
597 2405 695 2481 quum
719 2397 861 2463 homines
885 2401 1019 2464 benevo-

100 2497 196 2562 lentia
225 2498 383 2581 conjuncti
412 2499 548 2583 primum
577 2499 799 2584 cupiditatibus
825 2499 874 2577 iis,
910 2499 1023 2583 quibus

102 2599 196 2665 ceteri
211 2601 360 2678 serviunt,
373 2601 586 2686 imperabunt;
602 2602 712 2667 deinde
728 2602 874 2687 aequitate
888 2602 1026 2685 justitia·

102 2725 164 2787 que
185 2704 376 2790 gaudebunt,
393 2705 557 2788 omniaque
578 2705 656 2770 alter
673 2727 729 2789 pro
751 2705 848 2770 altero
870 2704 1024 2790 suscipiet,

101 2827 204 2889 neque
224 2806 395 2889 quidquam
426 2829 564 2890 unquam
589 2807 649 2871 nisi
670 2807 835 2871 honestum
855 2816 887 2871 et
906 2824 1026 2871 rectum

102 2905 181 2971 alter
195 2910 234 2972 ab
249 2908 347 2972 altero
362 2908 551 2993 postulabit3
574 2931 677 2993 neque
699 2909 799 2974 solnm
822 2909 925 2974 colent
944 2908 1027 2973 inter

102 3028 135 3070 se
158 3029 194 3073 ac
217 3009 356 3094 diligent,
378 3010 431 3075 sed
456 3014 550 3076 ctiam
571 3013 771 3076 verebuntur.
819 3010 901 3074 Nam
928 3011 1025 3073 maxi-

101 3130 189 3172 mum
213 3124 429 3177 ornamentum
455 3111 598 3178 amicitiae
623 3111 715 3188 tollit,
742 3111 859 3196 quiex
883 3112 920 3176 ea
944 3111 1028 3177 tollit

101 3210 328 3274 verecundiam.
367 3217 417 3276 83.
440 3213 553 3296 Itaque
568 3212 653 3277 iniis
667 3213 856 3298 perniciosus
870 3222 918 3278 est
931 3235 1027 3289 error,

103 3310 159 3394 qui
188 3312 377 3390 existimant,
405 3314 570 3379 libidinum
591 3325 859 3399 ¹peccatorumque
889 3314 1028 3378 omnium

102 3422 210 3497 patere
225 3413 257 3476 in
272 3415 407 3478 amicitia
420 3415 585 3480 licentiam.
632 3413 798 3481 Virtutum
818 3415 953 3480 amicitia
974 3416 1028 3479 ad·

98 3514 200 3599 jutrix
225 3516 244 3579 a
269 3517 382 3580 naturai
407 3517 480 3582 data
506 3527 563 3594 est,
578 3541 640 3582 non
665 3518 812 3584 vitiorum
837 3539 954 3583 comes:
981 3537 1026 3594 ut,
