2258 3916
463 183 553 246 CAP.
573 185 661 245 vm
985 192 1019 248 ll

101 344 179 412 illud
206 369 331 425 carmen
360 347 540 434 desipientis
569 349 737 415 videretur.
779 349 853 432 Quo
882 350 1021 429 recitato,

100 449 261 514 sententiis
282 450 427 535 judicum
452 461 499 516 est
522 451 681 516 liberatus.
732 456 783 516 23.
814 451 902 519 Num
926 452 1023 538 igitur

99 547 192 627 hunc,
216 574 294 616 num
317 553 502 631 Homerum,
525 577 601 618 num
624 553 810 631 Hesiodum,
829 577 905 620 num
922 553 1023 620 Simo·

99 651 213 730 nidem,
244 677 320 719 num
352 653 584 731 Stesichorum
621 678 707 732 num,
737 678 815 742 quos
844 667 917 723 ante
946 656 1021 732 dixi,

99 749 279 831 Isocratem,
296 752 469 840 Gorgiam3
492 778 569 846 num
584 754 836 840 philosophorum
857 756 1022 842 principes,

99 850 324 946 Pythagoram,
336 855 563 933 Democritum,
579 880 656 921 num
671 857 846 935 Platonem,
862 880 939 922 num
953 858 1024 924 Xe·

98 971 269 1035 nocratem,
301 981 377 1022 num
406 960 514 1044 posted
543 958 710 1036 Zenonem,
742 959 938 1037 Cleanthem,
967 971 1023 1024 aut

99 1088 180 1140 eum,
212 1083 305 1146 quem
335 1082 390 1124 vos
420 1059 514 1124 etiam
544 1059 654 1125 Romae
682 1061 815 1138 uidistis,
845 1062 1023 1148 Diogenem

101 1167 252 1242 Stoicum,
269 1163 370 1250 co‘e'git
387 1162 436 1250 [in
451 1163 516 1228 suis
530 1163 657 1250 studiis]
681 1166 893 1239 obmutescere
916 1187 1022 1231 senec·

98 1271 175 1335 tus?
195 1291 236 1332 an
251 1290 314 1331 non
329 1266 362 1329 in
376 1265 520 1330 omnibus
542 1265 580 1330 iis
602 1265 776 1331 studiorum
798 1268 928 1353 agitatio
950 1268 1023 1333 vitae

97 1370 224 1455 aequalis
237 1369 321 1433 fuit?
359 1373 410 1433 24.
435 1367 517 1453 Age,
541 1378 578 1433 ut
597 1369 657 1432 ista
679 1368 785 1445 divina
806 1368 910 1435 studia
930 1370 1022 1436 omit·

96 1485 209 1549 tamus,
238 1493 377 1556 possum
394 1469 553 1536 nominare
579 1492 618 1535 ex
644 1492 719 1556 agro
748 1469 866 1537 Sabino
890 1471 1022 1538 rusticos

98 1574 267 1649 Romanos,
290 1572 408 1637 vicinos
430 1581 462 1636 et
483 1571 649 1637 familiares
670 1594 763 1649 meos,
780 1573 894 1657 quibus
913 1575 1022 1638 absen-

97 1676 182 1741 tibus
196 1697 359 1758 nunquam
373 1673 439 1738 ferd
454 1673 518 1738 ulla
532 1674 566 1737 in
583 1696 659 1760 agro
678 1675 796 1758 majora
815 1696 908 1759 opera
929 1674 1021 1751 fiunt,

96 1800 160 1842 non
174 1775 319 1853 serendis,
335 1798 399 1840 non
413 1775 626 1861 percipiendis,
642 1798 705 1840 non
726 1775 894 1842 condendis
912 1775 1022 1841 fructi·

96 1878 163 1944 bus.
211 1878 411 1960 Quamquam
432 1877 547 1955 inillis
568 1877 672 1942 minda
691 1878 750 1942 hoc
770 1877 904 1943 mirum:
928 1899 1020 1942 nemo

97 1981 179 2044 enim
200 1989 249 2044 est
270 1989 337 2042 tam
358 2001 463 2054 senex,
480 1978 535 2060 qui
558 2001 590 2043 se
613 2001 729 2043 annum
750 2001 814 2043 non
828 1989 919 2064 putet
933 2001 1021 2065 posse

97 2079 214 2145 vivere.
261 2078 324 2144 Sed
339 2078 433 2143 iidem
446 2077 606 2144 elaborant
619 2079 653 2142 in
667 2079 720 2155 eis,
737 2101 806 2163 quse
821 2079 924 2145 sciunt
939 2080 1019 2144 nihil

98 2181 225 2251 omnino
240 2179 280 2244 ad
294 2201 327 2245 se
341 2179 515 2265 pertinere:

229 2308 312 2371 Serit
324 2308 455 2382 arborea,
471 2328 536 2392 qne
551 2309 641 2370 alteri
654 2309 751 2370 seculo
760 2310 905 2392 prurient,

96 2458 133 2514 nt
153 2447 197 2513 ait
221 2446 340 2514 Statius
362 2456 468 2512 noster
488 2445 522 2510 in
548 2449 737 2532 Synephebis.
784 2451 834 2511 25.
860 2447 928 2512 Nec
948 2449 1021 2514 verri

96 2549 219 2616 dubitet
239 2549 388 2636 agricola,
407 2548 549 2633 quamvis
564 2572 668 2626 senex,
685 2549 846 2632 quaerenti,
862 2551 914 2614 cui
928 2561 1020 2626 serat,

95 2653 280 2739 respondere
292 2675 301 2729 ;
324 2653 398 2719 Diis
418 2654 645 2727 immortalibus,
668 2655 722 2736 qui
742 2675 787 2715 me
809 2675 866 2714 non
889 2656 1021 2736 occipere

97 2755 181 2818 model
206 2756 269 2818 hoec
294 2753 314 2818 d
340 2755 502 2838 majoribus
521 2756 686 2828 voluerunt,
710 2754 763 2815 red
784 2756 872 2816 etium
891 2757 1021 2837 posteris

94 2857 233 2944 prodere.

140 3053 241 3125 VIII·
266 3054 385 3120 Melius
401 3054 545 3122 Caecilius
560 3054 599 3119 de
617 3076 689 3119 sene
710 3053 800 3118 alteri
821 3053 925 3119 seculo
947 3076 1019 3139 pro·

97 3154 255 3239 spiciente,
271 3158 365 3241 quim
380 3156 459 3223 illud
472 3156 571 3221 idema

184 3295 305 3380 Edepol
317 3307 459 3374 senectus,
475 3300 504 3360 si
516 3298 562 3360 nil
575 3298 738 3382 quidquam
753 3297 840 3359 aliud
852 3299 907 3358 virt

170 3396 333 3480 ¹Apporter
348 3408 452 3475 tecum,
469 3401 720 3483 quamodrem&
743 3420 835 3471 unam
847 3397 881 3461 id
893 3405 943 3458 sot
956 3404 1009 3470 ert,

190 3488 282 3578 Qudd
293 3500 345 3564 dio
360 3502 482 3564 uiuendo
496 3496 600 3578 multo,
617 3521 683 3584 quoe
698 3522 755 3563 nore
771 3500 839 3575 volt,
855 3496 942 3560 vider.

514 3613 532 3649 n
548 3605 562 3649 e
