2258 3916
463 219 554 281 OAP.
574 221 664 280 XIII.
993 218 1029 282 19

103 383 169 450 set
186 383 353 468 majoribus
375 394 452 449 natu
467 385 618 470 accepisse
640 384 772 462 dicebat,
789 405 888 468 quum
902 383 1030 468 quidem

103 485 132 550 ei
161 485 296 550 sermoni
331 486 523 550 interfuisset
553 485 646 550 Plato
677 485 899 551 Atheniensis:
935 505 1030 568 quem

104 584 276 651 Tarentum
300 587 430 663 venisse,
447 587 486 651 L.
506 585 648 662 Camillo,
666 586 773 671 Appio
797 585 931 653 Claudio
956 607 1030 650 oon·

101 689 230 764 sulibus,
246 689 376 774 reperio.
421 693 473 752 42.
499 687 659 768 Quorsum
674 687 761 753 haee?
784 697 820 753 ut
835 687 1028 772 intelligatis,

102 790 128 853 si
143 789 336 873 voluptatem
352 788 508 872 aspernari
523 788 643 853 ratione
658 797 690 852 et
705 786 857 872 sapientiai
875 809 940 851 non
958 809 1030 872 pos-

81 883 213 967 semus,
235 913 378 975 magnam
405 889 576 953 habendam
606 889 761 954 senectuti
788 890 932 975 gratiam,
960 912 1029 974 quae

101 993 248 1067 effecerit,
264 1003 301 1056 ut
316 991 347 1054 id
362 1015 425 1055 non
439 991 561 1067 liberet,
578 989 662 1074 quod
676 1012 740 1055 non
754 1001 919 1076 oporteret.
963 990 1029 1056 Im·

100 1093 188 1178 pedit
213 1093 296 1158 enim
320 1092 483 1158 consilium
500 1091 662 1176 voluptas3
685 1091 800 1156 rationi
822 1102 870 1157 est
893 1092 1028 1170 inimica,

100 1216 138 1258 ao
165 1194 369 1259 mentis-ut
393 1193 439 1258 ita
464 1193 564 1256 dicam
574 1193 806 1278 -praestringit
831 1194 947 1272 oculos,
971 1216 1029 1260 nec

100 1295 196 1361 habet
231 1295 331 1359 ullum
366 1317 439 1360 curn
467 1295 585 1360 virtute
622 1295 848 1361 commercium.
902 1295 1029 1362 Invitus

62 1461 65 1472 ,
100 1396 228 1481 quidem
248 1397 319 1475 feci,
335 1408 372 1462 ut
394 1397 553 1462 fortissimi
568 1397 628 1460 viri
644 1396 681 1460 Τ.
698 1397 870 1462 Flaminini
888 1397 1029 1476 fratrem,

99 1495 403 1574 L.F1amininum,e
418 1485 530 1561 senatu
545 1497 697 1581 ejicerem,
709 1507 828 1582 septem
842 1498 931 1563 annis
945 1498 1027 1583 post,

100 1601 195 1684 quam
210 1599 319 1664 consul
333 1599 462 1674 fuisset3
479 1598 534 1663 sed
548 1599 716 1664 notandam
730 1600 841 1686 putavi
854 1600 1026 1666 libidinem.

100 1700 169 1766 Ille·
186 1702 267 1766 enim
291 1723 390 1785 quum
412 1711 493 1766 esset
514 1699 632 1777 consul,
647 1699 680 1763 in
697 1700 803 1768 Gallia
825 1713 972 1769 exoratus
994 1700 1028 1771 in

99 1803 243 1868 convivio
257 1805 275 1868 ai
290 1814 392 1868 scorto
406 1813 464 1880 est,
476 1814 514 1867 ut
525 1802 625 1869 securi
639 1803 745 1869 feriret
757 1803 893 1889 aliquem
908 1826 1026 1882 eorum,

99 1902 211 1986 quiin
233 1902 367 1967 vinculis
391 1911 494 1967 essent
517 1900 656 1966 damnati
681 1901 728 1966 rei
756 1902 905 1988 capitalis.
951 1902 1026 1980 Hie,

101 2003 185 2080 Tito,
195 2003 292 2068 fratre
303 2026 369 2078 suo,
380 2025 514 2080 censore,
525 2003 581 2085 qui
595 2003 754 2088 proximus
765 2013 838 2068 ante
853 2025 903 2068 me
914 2003 1026 2081 fuerat,

99 2103 221 2190 elapsus
240 2115 306 2168 est:
330 2103 406 2166 mihi
421 2103 496 2167 vero
517 2114 549 2167 et
564 2103 678 2166 Flacco
700 2102 884 2186 neutiquam
903 2104 1046 2189 probari

99 2204 203 2289 potuit
217 2215 283 2269 tam
296 2203 450 2290 flagitiosa
472 2214 505 2268 et
526 2213 591 2275 tarn
605 2203 727 2288 perdita
740 2203 847 2280 libido,
863 2225 933 2288 quae
954 2227 1027 2271 eum

100 2307 211 2391 probro
225 2307 347 2392 privato
362 2308 565 2392 conjungeret
580 2305 701 2392 imperii
715 2305 858 2375 dedecus.

67 2518 70 2523 '
140 2509 246 2577 XIII.
269 2515 322 2574 43.
341 2508 430 2595 Saepe
445 2508 551 2576 audivi
573 2508 773 2594 amajoribus
796 2518 883 2586 natu,
907 2509 964 2593 qui
992 2531 1026 2577 se

96 2612 189 2698 porrd
210 2634 321 2698 pueros
340 2612 360 2675 d
378 2610 503 2676 senibus
523 2609 644 2674 audisse
659 2608 813 2684 dicebant,
828 2609 934 2674 mirari
953 2611 1026 2676 soli·

96 2724 166 2781 tum
178 2713 215 2782 O.
229 2713 419 2789 Fabricium,
431 2712 525 2796 qudd,
536 2734 635 2795 quum
650 2710 732 2795 apud
746 2733 852 2797 regem
865 2711 1025 2796 Pyrrhum

96 2816 218 2902 legatus
239 2825 330 2892 esset,
351 2815 487 2879 audisset
507 2816 526 2878 a
546 2813 693 2878 Thessalo
715 2811 821 2889 Cinet,
844 2835 910 2878 esse
925 2835 1025 2897 quen·

97 2918 168 2982 dam
185 2918 332 2994 Athenis,
348 2918 403 3002 qui
423 2939 456 2981 se
474 2917 643 3002 sapientem
657 2915 874 3001 profiteretur3
890 2938 1025 3003 eumque

96 3019 208 3104 dicere,
238 3019 350 3096 omnia,
375 3041 445 3104 quae
470 3017 651 3095 faceremus,
676 3017 715 3081 ad
740 3016 934 3101 voluptatem
958 3040 1024 3084 esse

96 3121 271 3187 referenda:
294 3121 379 3205 quod
393 3143 434 3186 ex
455 3141 491 3184 eo
513 3119 684 3194 audientes,
706 3118 762 3183 Μ’.
775 3117 909 3186 curium
923 3130 956 3183 et
972 3118 1021 3185 Ti.

97 3221 339 3297 Coruncanium,
351 3235 458 3307 optare
469 3221 585 3296 solitos,
601 3230 637 3285 ut
651 3219 684 3284 id
701 3219 892 3286 Samnitibus
902 3220 1023 3306 ipsique

96 3322 220 3409 Pyrrho
248 3324 493 3408 persuaderetur,
525 3322 588 3406 qud
623 3321 744 3387 facilius
770 3321 856 3396 ¹vinci
887 3332 1022 3406 possent,

95 3449 194 3512 quum
209 3448 241 3491 se
256 3424 467 3511 voluptatibus
482 3424 646 3488 dedissent.
693 3423 827 3489 Vixerat
837 3422 892 3487 Μ’.
908 3421 1023 3489 Curius

94 3550 167 3597 oum
186 3526 225 3594 P.
243 3525 353 3604 Decio,
374 3528 429 3612 qui
448 3526 662 3612 quinquennio
684 3538 756 3592 ante
778 3547 850 3592 eum
865 3524 1022 3590 consulem
