2258 3916
444 216 535 277 CAP.
556 216 692 277 XXVII.
986 219 1024 278 79

94 383 139 448 tit
159 405 248 448 senes
270 383 339 447 illos
355 381 395 448 1..
409 383 569 459 Paullum,
586 381 633 446 M.
647 381 811 459 Catonem,
828 380 865 448 C.
884 381 1022 461 Gallum,

94 481 132 546 P.
149 482 307 558 Nasicam,
324 481 373 545 Ti.
388 480 576 558 Gracchum,
592 481 745 567 Scipionis
760 482 857 545 nostri
873 503 1022 557 socerum,

93 582 267 648 dileximus
315 581 395 646 Haec
415 581 510 646 etiam
531 580 630 666 magis
651 581 754 647 elucet
775 579 858 644 inter
878 581 1022 664 aequales,

92 692 129 745 ut
144 681 226 746 inter
241 703 290 745 me
313 693 345 746 et
366 679 552 765 Scipionem,
576 679 616 744 L.
627 679 771 755 Furium,
793 678 831 744 P.
848 678 1022 764 Rupilium,

95 779 149 866 Sp.
167 779 369 845 Mummium.
416 779 564 845 Vicissim
577 790 683 844 autem
699 801 787 844 senes
800 779 834 842 in
848 778 1024 843 adolescen-

92 881 174 945 tium
209 881 341 946 caritate
370 881 614 964 acquiescimus3
653 889 689 944 ut
718 881 751 944 in
780 881 893 956 vestra,
924 890 961 943 ut
990 879 1024 942 iu

94 980 135 1061 Q.
151 980 340 1045 Tuberonis:
369 980 514 1064 equidem
529 979 623 1045 etiam
639 981 805 1044 admodum
821 979 1023 1045 adolescentis

93 1078 133 1142 P.
150 1078 276 1156 Rutilii,
294 1079 336 1144 A.
354 1078 503 1166 virginii,
519 1079 730 1144 familiaritate
744 1078 888 1142 delector.
935 1078 1023 1159 Quo-

92 1178 241 1263 niamque
270 1180 316 1244 ita
345 1180 425 1245 ratio
454 1191 633 1265 comparata
662 1189 711 1245 est
739 1179 812 1244 vita
838 1188 1023 1262 uaturaeque

92 1291 216 1357 nostrae,
231 1291 269 1345 ut
283 1280 344 1345 alia
358 1292 433 1346 aetas
446 1281 566 1346 oriatur
585 1302 626 1344 ex
645 1280 725 1356 alia3
748 1279 881 1344 maxime
897 1279 1024 1364 quidem

92 1381 265 1466 optandum
287 1390 345 1458 cst,
362 1391 399 1446 ut
420 1403 493 1446 cum
513 1381 684 1465 aequalibus
705 1380 812 1467 possis,
836 1380 1024 1464 quibuscum

92 1492 253 1566 tamquam
276 1481 295 1545 ὸ
319 1481 496 1547 carceribus
521 1482 651 1547 emissus
674 1481 727 1558 sis,
753 1503 824 1546 cum
849 1480 958 1545 iisdem
984 1481 1024 1543 ad

93 1580 217 1660 calcem,
241 1593 279 1648 ut
304 1581 431 1660 dicitur,
454 1583 626 1670 pervenire.
682 1587 754 1647 102.
791 1581 853 1648 Sed
877 1581 1025 1664 quoniam

92 1703 143 1746 res
156 1681 299 1746 humanae
314 1683 443 1768 fragiles
462 1680 649 1768 caducaeque
671 1692 755 1758 sunt,
779 1704 899 1767 semper
924 1683 1024 1766 aliqui

92 1782 279 1868 anquirendi
309 1794 394 1860 sunt,
425 1804 504 1866 quos
533 1783 699 1867 diligamus
735 1792 767 1846 et
790 1783 809 1846 a
832 1774 947 1866 quibus
976 1783 1023 1845 di-

92 1882 250 1968 ligamur:
295 1882 425 1948 caritate
463 1882 548 1947 enim
585 1882 864 1966 benevolentiaque
902 1882 1024 1946 sublata

92 1983 194 2047 omnis
217 1993 265 2048 est
287 1985 306 2047 ὲ
330 1983 398 2048 vita
419 1983 543 2049 sublata
562 1984 753 2069 jucunditas.
799 1982 883 2046 Mihi
897 1983 1024 2065 quidem

96 2081 212 2167 Scipio,
239 2084 430 2167 quamquam
452 2095 500 2148 est
522 2084 626 2149 subiti)
648 2095 783 2168 ereptus,
809 2082 889 2146 vivit
922 2095 1022 2146 tamen

93 2204 277 2267 semperque
302 2181 409 2248 vireta
433 2181 586 2248 virtutem
610 2182 692 2247 enim
717 2181 819 2246 amavi
845 2181 928 2246 illius
953 2182 1023 2258 viri,

94 2305 165 2368 quae
180 2283 336 2348 exstincta
350 2306 414 2348 non
434 2294 491 2349 est.
539 2284 608 2348 Nec
623 2282 699 2348 mihi
714 2283 772 2347 soli
787 2293 928 2347 versatur
950 2296 1023 2347 ante

93 2383 210 2461 oculos,
227 2384 283 2469 qui
297 2385 383 2450 illam
398 2407 520 2471 semper
535 2386 567 2449 in
583 2386 726 2450 manibus
741 2383 845 2459 habui,
861 2383 1024 2448 sedetiam

93 2484 226 2569 posteris
241 2485 301 2550 erit
315 2485 398 2550 clara
412 2496 445 2551 et
460 2486 600 2572 insignis.
647 2485 750 2550 Nemo
765 2507 906 2567 unquam
921 2485 1023 2548 animo

93 2593 150 2649 aut
164 2609 217 2672 spe
233 2587 349 2670 majora
363 2587 519 2672 suscipiet,
533 2588 587 2670 qui
599 2586 657 2651 sibi
669 2608 732 2649 non
745 2585 830 2649 illius
846 2587 1024 2650 memoriam

93 2695 190 2770 atque
205 2687 371 2772 imaginem
389 2689 619 2774 proponendam
631 2697 731 2773 putet.
779 2691 850 2751 103.
867 2687 1025 2769 Equidem

94 2809 135 2850 ex
150 2788 295 2853 omuibus
310 2792 414 2865 rebus,
431 2789 601 2871 quaemihi
617 2799 673 2854 aut
687 2787 814 2854 fortuna
835 2799 891 2851 aut
913 2799 1025 2850 natura

94 2888 216 2966 tribuit,
243 2889 323 2953 nihil
348 2885 459 2970 habeo,
486 2888 571 2973 quod
602 2911 673 2954 eum
703 2887 840 2953 amicitia
872 2886 1025 2972 Scipionis

93 2990 209 3074 possim
224 3012 412 3076 comparare.
458 2991 500 3056 ln
525 2991 583 3056 hac
608 2990 685 3054 mihi
707 2989 746 3055 de
769 2988 926 3075 republica
952 3011 1026 3053 con-

94 3111 212 3166 sensus,
227 3091 260 3154 in
275 3091 333 3156 hac
347 3114 453 3157 rerum
466 3092 659 3177 privatarum
679 3091 853 3166 consilium,
869 3090 902 3154 iu
918 3090 1025 3154 eadem

94 3192 218 3273 requies
232 3191 325 3277 plena
340 3193 557 3259 oblectationis
577 3193 648 3259 fuit.
695 3193 866 3277 Nunquam
882 3191 969 3255 illum
985 3213 1025 3253 ne

94 3291 223 3357 minima
248 3293 375 3376 quidem
397 3317 431 3360 re
452 3294 578 3371 offendi,
603 3294 687 3378 quod
710 3293 836 3378 quidem
860 3291 1024 3365 senserim3

94 3390 174 3454 nihil
197 3391 303 3458 audivi
324 3416 364 3458 ex
386 3416 424 3460 eo
446 3394 523 3479 ipse,
545 3394 630 3478 quod
648 3393 771 3459 nollem.
818 3392 893 3458 ¹Una
916 3391 1026 3455 domus

94 3501 171 3567 erat,
200 3489 282 3556 idem
312 3492 424 3571 victus,
454 3492 544 3577 isque
573 3493 765 3569 communis3
796 3513 897 3575 neque
926 3489 1025 3556 solum

545 3606 562 3641 a
573 3599 589 3641 4
