2258 3916
145 244 185 301 46
545 235 717 296 LAELIUS.

191 400 230 468 V.
251 406 300 469 17.
324 402 477 466 Lmnrus.
523 401 594 485 Ego
609 401 682 467 verb
697 424 758 464 non
779 422 934 484 gravarer,
949 400 978 466 si
993 401 1077 469 mihi

145 503 211 590 ipse
230 503 435 569 confiderem:
460 526 531 566 narn
552 513 584 569 et
605 503 751 588 praeclara
765 524 815 566 res
830 511 887 579 est,
904 511 937 568 et
950 525 1076 580 sumus,

145 614 183 669 ut
207 604 286 669 dixit
310 604 460 680 Fannius,
485 602 584 667 otiosi.
633 601 695 669 Sed
720 603 791 688 quis
817 624 875 687 ego
899 603 994 666 sum?
1017 616 1076 668 aut

145 726 215 787 quae
240 703 274 768 in
295 727 345 770 me
368 714 416 771 est
436 704 591 769 facultas?
636 703 809 768 Doctorum
836 713 884 768 est
909 703 970 768 ista
997 725 1076 769 oon·

145 803 288 880 suetudo,
315 826 414 888 eaque
441 803 633 880 Graecorum,
660 812 697 866 ut
720 802 758 865 iis
782 811 917 887 ponatur
942 801 982 866 de
1008 823 1076 886 quo

144 900 307 985 disputent
322 903 464 986 quamvis
479 902 592 967 subitd.
640 901 796 984 Magnum
816 923 894 984 opus
908 910 965 977 est,
983 911 1076 986 eget·

145 1022 207 1083 que
222 1002 442 1067 exercitatione
462 1025 525 1066 non
540 1002 643 1086 parva
691 1001 911 1081 Quamobrem,
923 1022 995 1085 qum
1010 1000 1075 1065 dis—

144 1100 248 1182 putari
272 1100 312 1166 de
338 1100 490 1166 Amicitilr
515 1110 655 1186 possunt,
680 1103 719 1164 ab
744 1099 787 1164 eis
811 1120 921 1165 censeo
944 1099 1073 1183 petatis,

145 1199 201 1281 qui
215 1199 276 1265 ista
289 1200 495 1285 profitentur:
519 1223 577 1286 ego
591 1223 646 1265 vos
661 1199 778 1263 hortari
793 1199 917 1264 tantum
933 1218 1072 1283 possum,

144 1307 182 1362 ut
207 1299 374 1364 amicitiam
398 1300 542 1364 omnibus
570 1299 662 1364 rebus
691 1297 834 1362 humanis
863 1296 1072 1381 anteponatis.

146 1396 236 1461 Nihil
256 1410 304 1463 est
327 1400 410 1463 enim
430 1410 494 1463 tam
513 1411 633 1463 naturae
656 1410 774 1483 aptum,
797 1409 862 1463 tam
884 1389 1075 1461 conveniens

145 1495 184 1557 ad
213 1518 262 1561 res
290 1498 342 1564 vel
368 1500 517 1563 secundas
546 1499 597 1565 vel
626 1500 777 1564 adversas.
845 1503 894 1561 18.
920 1495 983 1562 Sed
1013 1495 1075 1561 boc

145 1595 280 1678 primum
310 1599 419 1676 sentio,
449 1590 508 1663 nisi
538 1601 572 1663 in
600 1600 690 1665 bonis
719 1599 886 1664 amicitiam
915 1620 980 1663 essa
1008 1620 1074 1663 non

145 1715 244 1778 posse.
291 1695 404 1781 Neque
425 1697 457 1761 id
479 1698 518 1762 ad
540 1698 647 1763 vivum
669 1720 781 1774 reseco,
805 1707 842 1761 ut
863 1696 918 1774 illi,
934 1695 991 1779 qui
1007 1695 1075 1762 hacc

146 1796 290 1862 subtilius
309 1798 475 1876 disserunt,
496 1799 625 1863 fortasse
647 1799 729 1875 vere,
746 1799 798 1862 sed
820 1798 859 1862 ad
874 1819 1074 1862 communem

145 1896 315 1965 utilitatem
341 1901 470 1984 pardm3
500 1911 617 1986 negant
643 1901 726 1965 enirn
756 1922 945 1984 quemquam
967 1898 1075 1963 virum

145 1994 262 2060 bonuin
286 2019 352 2064 esse
379 2000 440 2064 nisi
464 2000 644 2084 sapientem.
692 1997 742 2064 Sit
757 1999 802 2063 ita
818 1998 909 2062 sane:
933 1996 1075 2063 sedeam

145 2099 327 2185 sapientiam
342 2102 597 2190 interpretantur,
606 2126 699 2186 quam
711 2103 812 2166 adbuc
827 2099 965 2164 mortalis
980 2120 1076 2185 nemo

145 2212 192 2266 est
221 2217 422 2270 consecutus:
454 2229 511 2270 nos
540 2217 644 2270 autem
674 2227 720 2281 ea,
747 2226 816 2286 quae
845 2212 919 2266 sunt
947 2200 982 2264 in
999 2214 1075 2267 'usu

145 2302 273 2387 vitaque
295 2307 461 2383 communi,
477 2330 541 2371 non
568 2329 613 2383 ea,
629 2329 698 2389 quae
713 2305 876 2389 finguntur
890 2313 944 2367 aut
960 2312 1076 2388 optan-

145 2414 208 2479 tur,
235 2417 374 2490 spectare
400 2407 557 2472 debemus.
605 2407 777 2491 Nunquam
806 2427 864 2490 ego
893 2404 1003 2478 dicam,
1035 2402 1074 2470 C.

145 2501 335 2584 Fabricium,
373 2509 429 2573 Μ’.
461 2508 603 2584 curium,
635 2508 684 2572 Ti.
718 2505 960 2580 Coruncanium,
992 2524 1076 2587 quos

147 2603 311 2691 Sapientes
339 2611 437 2675 nostri
471 2611 604 2695 majores
635 2609 834 2693 judicabant,
871 2606 910 2670 ad
938 2606 1076 2669 istorum

145 2729 286 2773 normam
308 2709 403 2775 fuisse
429 2712 588 2795 sapientes.
637 2709 743 2790 Quare
774 2709 833 2773 sibi
861 2706 996 2772 habeant
1024 2730 1075 2772 sa·

146 2809 271 2894 pientia·
295 2833 409 2876 nomen
440 2822 472 2877 et
497 2812 684 2876 invidiosum
713 2821 745 2876 et
775 2814 960 2884 obscurum
997 2830 1075 2874 con-

146 2911 331 2998 cedantque,
358 2925 396 2978 ut
419 2913 452 2978 hi
477 2913 552 2980 boni
577 2913 637 2978 viri
660 2913 786 2979 fuerint.
832 2912 882 2976 Ne
897 2911 930 2976 id
944 2911 1075 2995 quidem

145 3012 277 3080 facient:
313 3020 474 3103 negabunt
502 3016 534 3080 id
562 3016 622 3079 nisi
651 3016 782 3100 sapienti
813 3037 901 3099 posse
930 3015 1072 3079 concedi.

149 3118 198 3179 19.
225 3114 369 3202 Agamus
384 3119 483 3204 igitur
496 3118 607 3203 pingui
623 3117 778 3192 Mineruia,
801 3128 838 3181 ut
860 3116 957 3180 aiunt.
1007 3115 1074 3198 Qui

145 3216 192 3281 ita
213 3239 245 3281 se
264 3230 389 3304 gerunt,
411 3220 456 3283 ita
475 3220 597 3296 vivunt,
619 3229 656 3284 ut
682 3240 788 3284 eorum
812 3220 960 3303 probetur
983 3219 1075 3298 fides,

144 3320 318 3406 integritas,
348 3323 486 3406 aequitas,
509 3322 689 3399 liberalitas,
711 3343 768 3385 nec
794 3322 835 3386 sit
858 3321 892 3385 in
915 3321 977 3386 illis
1007 3322 1075 3387 ulla

146 3422 308 3507 cupiditas,
338 3424 388 3489 vel
416 3424 521 3500 libido,
548 3425 600 3490 vel
629 3423 766 3500 audacia,
801 3424 928 3508 sintque
959 3424 1076 3509 magna

145 3526 330 3606 constantia,
344 3537 382 3595 ut
396 3527 418 3592 ii
432 3527 572 3606 fuerumt,
595 3527 686 3592 modd
709 3549 788 3613 quos
811 3527 991 3595 nominavit
1016 3528 1074 3595 hos
