2258 3916
143 191 182 251 22
467 190 579 252 CATO
599 190 749 251 MAJOR.

143 376 208 421 non
221 363 306 421 caret
325 355 362 434 is,
377 355 433 440 qui
454 378 517 420 non
537 357 707 423 desiderat:
735 377 794 442 ego
813 377 879 420 non
899 353 1087 427 desiderate

143 458 213 524 dico
223 481 289 523 esse
298 457 477 541 jucundius,
493 460 588 547 qudm
599 459 670 524 frui.
708 464 760 523 48.
780 457 901 539 Quodsi
915 457 987 523 istis
1002 459 1086 545 ipsis

143 560 358 646 voluptatibus
386 563 467 625 bona
495 572 569 625 aetas
598 560 713 625 fruitur
748 558 905 636 libentids,
935 559 1085 644 primdm

142 661 280 747 parvulis
294 661 410 726 fruitur
424 662 526 737 rebus,
542 672 579 727 ut
593 662 746 738 diximus3
768 660 879 726 deinde
893 659 941 736 iis,
956 661 1083 745 quibus

143 772 296 840 senectus,
319 762 428 826 sinon
451 762 574 827 abunde
593 763 722 848 potitur,
740 785 803 826 non
825 760 950 826 omnino
977 775 1079 831 caret.

141 863 193 929 Ut
209 864 367 949 Turpione
384 864 531 930 Ambivio
545 864 643 950 magis
658 864 839 940 delectatur,
855 862 910 946 qui
923 862 957 926 in
972 864 1080 949 primd

142 965 236 1030 cuved
250 975 386 1050 spectat3
403 966 574 1031 delectatur
587 977 692 1030 tamen
703 965 806 1040 etiam,
823 964 925 1048 quiin
940 965 1077 1044 ultimd3

141 1067 186 1133 sic
214 1069 428 1145 adnleseentia,
458 1069 634 1154 voluptates
658 1068 785 1154 propter
810 1066 944 1143 intuens,
971 1069 1078 1156 mugla

141 1166 270 1233 fortasse
281 1169 421 1244 laetatur3
439 1169 492 1232 sed
507 1168 680 1233 delectatur
692 1168 785 1232 etiam
801 1175 951 1243 senectus,
961 1169 1077 1250 procul

140 1290 191 1333 eas
213 1281 364 1354 spectans,
387 1278 521 1344 tantum,
537 1279 692 1352 quantum
713 1277 761 1332 sat
782 1276 838 1331 est.
883 1272 936 1332 49.
954 1267 1006 1333 At
1020 1270 1077 1336 illa

140 1371 251 1453 quanti
280 1383 363 1446 sunt,
390 1371 537 1448 animum,
561 1381 722 1454 tamquam
745 1369 879 1434 emeritis
908 1370 1077 1455 stipendiis

139 1471 285 1548 libidinis,
312 1471 498 1549 ambitionis,
521 1473 739 1550 contentionis,
761 1471 1005 1549 inimicitiarum,
1018 1495 1076 1539 ou-

138 1572 305 1657 piditatum
320 1573 468 1648 omnium,
484 1596 589 1639 secum
607 1597 682 1650 esse,
698 1596 876 1658 secumque,
891 1583 928 1639 ut
942 1573 1073 1653 dicitur,

137 1673 261 1738 viverel
308 1673 343 1740 Si
362 1674 436 1740 verd
455 1673 549 1740 habet
574 1674 701 1759 aliquod
726 1685 887 1758 tamquam
916 1675 1074 1760 pabulum

137 1775 234 1838 studii
257 1783 353 1860 atque
375 1775 533 1853 doctrinae,
555 1776 632 1839 nihil
655 1785 702 1840 est
723 1777 822 1840 otiosi
841 1786 1002 1841 senectute
1016 1779 1073 1862 ju·

137 1877 278 1941 cundius.
324 1877 410 1942 Mori
422 1878 508 1961 paene
522 1877 702 1942 videbamus
716 1877 749 1940 in
764 1877 868 1941 studio
882 1877 1073 1945 dimetiundi

137 1978 205 2042 coeli
231 1990 327 2062 utque
352 1989 442 2045 terrae
466 1977 503 2046 C.
527 1978 665 2054 Gallum,
687 1978 870 2042 familiarem
889 1979 984 2062 patris
1008 1983 1070 2060 tui,

138 2079 250 2164 Scipio.
299 2079 431 2161 Quoties
452 2080 542 2145 illum
565 2079 622 2144 lux
641 2090 737 2145 noctu
756 2079 875 2164 aliquid
894 2079 1072 2150 describere

135 2180 318 2266 ingressum,
346 2181 468 2265 quoties
489 2204 552 2246 nox
581 2182 741 2266 oppressit,
766 2203 864 2264 quum
889 2181 980 2246 mand
1007 2205 1072 2251 cor-

89 2328 93 2335 .
136 2280 251 2364 pissetl
298 2280 403 2361 Qudm
429 2281 603 2347 delectabat
629 2304 699 2346 eum
727 2281 915 2346 defectiones
938 2281 1013 2346 solis
1037 2296 1073 2351 et

135 2380 218 2446 lunae
252 2381 354 2447 multd
383 2381 473 2447 nobis
502 2383 575 2448 ante
603 2382 786 2468 praedicerel
842 2387 893 2448 50.
919 2381 1008 2463 Quid
1036 2386 1072 2452 in

135 2481 303 2547 levioribus
318 2483 438 2561 studiis,
454 2483 508 2549 sed
523 2493 627 2548 tamen
642 2484 763 2548 acutis?
790 2483 894 2565 Quam
909 2484 1073 2568 gaudebat

118 2622 122 2633 ι
135 2583 216 2648 bello
231 2606 287 2648 suo
295 2585 415 2648 Punico
425 2584 569 2650 Naeviusl
595 2584 700 2666 Qudm
718 2587 900 2650 Truculento
911 2585 1072 2656 Plautusl

135 2687 230 2769 qudm
256 2687 429 2752 Pseudolo!
473 2687 551 2753 Vidi
576 2687 671 2751 etiam
699 2709 804 2751 senem
830 2688 970 2764 Livium,
996 2692 1071 2773 qui,

135 2809 232 2870 quum
248 2810 303 2851 sex
318 2810 415 2852 annos
436 2788 520 2867 ante,
535 2789 629 2872 quam
644 2810 702 2874 ego
720 2800 812 2854 natus
832 2812 910 2865 sum,
925 2789 1072 2858 fabulam

134 2888 298 2965 docuisset,
330 2888 473 2957 Centone
500 2888 720 2975 Tuditanoque
749 2891 936 2968 consulibus,
962 2912 1071 2975 usque

134 2990 172 3052 ad
198 2990 436 3056 adolescentium
460 3004 561 3057 meam
585 2993 734 3077 processit
761 3003 861 3058 aetate.
907 2992 996 3073 Quid
1026 2995 1071 3062 dc

134 3089 172 3156 P.
190 3093 306 3157 Licinii
330 3092 433 3159 Crassi
455 3103 488 3158 et
511 3093 662 3178 pontificii
683 3104 716 3160 et
738 3095 837 3160 civilis
855 3094 1070 3180 jurisstudio

132 3193 265 3278 loquar?
291 3204 348 3259 aut
372 3195 412 3260 de
437 3193 530 3277 hujus
550 3195 588 3260 P.
618 3194 780 3280 Scipionis,
805 3196 861 3280 qui
886 3195 934 3260 his
955 3198 1070 3281 paucis

133 3296 241 3360 diebus
269 3295 414 3381 pontifex
447 3297 599 3361 maximus
628 3296 730 3362 factus
759 3299 831 3363 est?
876 3297 981 3383 Atqui
1010 3321 1068 3366 eos

133 3419 249 3475 omnes,
266 3421 344 3482 quos
356 3399 601 3476 commemoravi,
614 3398 662 3464 his
676 3398 787 3463 stutfiis
798 3399 963 3485 flagrantes
974 3423 1068 3469 senes

132 3499 274 3566 vidimus.
321 3501 368 3565 M.
392 3502 466 3568 vero
497 3499 682 3587 Cethegum,
713 3523 807 3587 quem
834 3502 920 3568 recte
949 3503 1068 3572 Suudoe
