2258 3916
483 208 575 271 CAP.
594 209 664 270 XV.
1000 217 1039 275 23

111 375 269 440 medullam
299 373 380 441 dixit
409 374 542 453 Ennius,
573 384 691 460 quanto
715 375 819 441 studio
844 377 981 445 exerceri
1005 380 1039 445 in

109 477 238 543 dicendo
257 477 446 554 videbamus,
462 477 556 541 etiam
578 475 701 543 seneml
747 477 827 559 Quae
849 489 922 545 sunt
939 480 1039 566 igitur

109 579 281 665 epularum,
310 588 366 644 ant
394 578 549 656 ludorum,
576 588 631 643 aut
660 589 833 644 scortorum
861 580 1037 668 voluptates

108 701 180 744 cum
195 680 243 744 his
257 679 471 765 voluptatibus
485 680 719 765 comparandae?
763 679 873 764 Atque
888 682 953 748 haec
967 684 1038 768 qui·

107 781 179 846 dem
205 782 308 847 studia
336 780 501 846 doctrina:
533 804 603 866 quae
628 781 755 865 quidem
778 782 982 866 prudentibus
1003 795 1036 850 et

107 885 187 949 bene
207 884 359 949 institutis
384 883 501 968 pariter
521 906 593 948 cum
615 893 706 948 aetate
731 895 891 950 crescunt:
918 896 955 951 ut
980 885 1036 951 ho·

107 997 231 1052 nestum
253 986 331 1050 illud
354 985 475 1053 Solonis
490 985 541 1062 sit,
562 986 646 1070 quod
661 985 705 1049 ait
719 987 870 1051 versiculo
890 989 1034 1073 quodam,

107 1098 145 1153 ut
159 1089 231 1152 ante
249 1087 324 1164 dixi,
340 1109 497 1152 senescere
520 1109 562 1163 se,
579 1087 679 1150 multa
693 1086 791 1151 indies
806 1088 1033 1164 addiscentem

108 1190 172 1274 quai
187 1191 347 1275 voluptate
361 1188 456 1253 animi
470 1187 556 1253 nulla
570 1187 655 1253 certi
668 1197 770 1272 potest
785 1211 851 1255 esse
865 1191 970 1274 major.

150 1388 231 1457 XV.
248 1395 299 1456 51.
324 1390 428 1457 Venio
451 1411 536 1455 nunc
558 1389 597 1454 ad
619 1390 796 1478 voluptates
818 1391 1032 1476 agricolarum,

106 1492 220 1577 quibus
249 1514 307 1578 ego
337 1491 560 1556 incredibiliter
588 1491 745 1568 delector3
784 1513 855 1574 quae
882 1514 940 1558 nec
968 1494 1033 1559 ulla

105 1591 318 1677 impediuntur
343 1599 511 1666 senectute,
540 1601 572 1656 et
597 1591 674 1654 mihi
698 1591 737 1655 ed
762 1590 910 1675 sapientis
935 1592 1032 1657 vitam

105 1692 243 1776 proxime
259 1691 404 1756 videntur
423 1690 577 1756 accedere.
625 1691 755 1757 Habent
776 1691 858 1756 enim
878 1693 1032 1758 rationem

104 1812 176 1855 cum
204 1793 297 1867 terri,
327 1813 397 1875 quae
426 1812 589 1873 nunquam
616 1801 738 1855 recusat
767 1790 942 1875 imperium,
973 1814 1031 1857 nec

104 1913 242 1974 unquam
265 1893 330 1955 sine
349 1890 445 1955 usuri
469 1890 582 1966 reddit,
606 1889 692 1972 quod
712 1890 849 1974 accepit3
875 1890 930 1955 sed
956 1891 1030 1956 alias

103 1990 232 2063 minore,
248 1989 432 2074 plerumque
447 1989 562 2072 majore
577 2010 648 2052 cum
664 1987 789 2051 foenore.
830 1986 1030 2071 Quamquam

103 2111 154 2152 me
169 2088 295 2171 quidem
310 2109 372 2150 non
388 2085 510 2149 fructus
524 2084 625 2160 modo,
643 2084 807 2148 sedetiam
825 2084 921 2167 ipsius
939 2096 1029 2150 terrae

103 2186 150 2251 vis
171 2208 208 2250 ac
226 2196 339 2249 nature
361 2183 504 2249 delectat.
551 2181 630 2263 Quae
651 2203 749 2265 quum
769 2181 886 2266 gremio
910 2182 1028 2261 mollito

102 2310 137 2352 ac
145 2289 281 2371 ,subacto
295 2308 399 2350 semen
414 2307 554 2370 sparsum
568 2284 701 2368 excepit,
722 2282 858 2368 primdm
879 2283 911 2346 id
933 2274 1028 2348 occae-

101 2370 207 2453 catum
236 2386 459 2452 cohibet—ex
488 2408 551 2470 quo
581 2388 704 2459 occatio,
735 2406 805 2468 quae
833 2383 892 2448 hoc
921 2376 1048 2462 efficits

100 2486 260 2550 nominata
288 2483 512 2550 est—deinde
539 2483 730 2569 tepefactum
753 2506 866 2568 vapore
889 2494 922 2549 et
943 2506 1026 2549 com·

99 2610 206 2673 pressu
236 2610 292 2652 suo
321 2587 456 2651 diffindit
484 2596 516 2651 et
545 2586 630 2651 elicit
658 2585 891 2650 herbescentem
921 2608 960 2650 ex
989 2608 1025 2651 eo

99 2689 307 2753 viriditatem:
332 2710 411 2771 quae,
434 2686 509 2750 nixa
534 2686 621 2750 fibris
643 2685 797 2769 stirpium,
819 2684 932 2748 sensim
952 2685 1025 2749 ado·

98 2788 196 2864 lescit,
212 2788 379 2870 culmoque
394 2797 497 2851 erecta
511 2786 700 2872 geniculato,
716 2783 837 2869 vaginis
852 2785 918 2867 jam
935 2785 1024 2867 quasi

98 2890 268 2972 pubescens
283 2887 471 2961 includitur3
496 2885 513 2950 ὲ
529 2884 643 2969 quibus
658 2907 756 2967 quum
771 2883 907 2958 emersit,
918 2883 1024 2950 fundit
1060 2896 1063 2901 '

98 2986 219 3070 frugem
235 2985 311 3070 spici
327 2985 433 3050 ordine
449 2993 660 3060 structam,·et
674 2991 785 3047 contra
799 2981 904 3046 avium
924 2983 1023 3046 mino·

97 3106 166 3147 rum
192 3106 311 3149 morsus
337 3084 478 3148 munitur
503 3081 585 3147 vallo
611 3081 785 3145 aristarum.
847 3084 899 3144 52.
935 3080 1023 3162 Quid
1050 3051 1092 3171 ll

97 3205 156 3267 ego
175 3183 288 3247 vitium
308 3194 403 3260 satus,
423 3192 520 3259 ortus,
544 3181 747 3266 incrementa,
763 3176 1022 3244 commemorem?
1073 3134 1100 3276 l

99 3282 214 3348 Satiari
233 3282 438 3355 delectatione
460 3306 524 3348 non
546 3304 681 3367 possum,
700 3291 738 3346 ut
755 3303 831 3346 meae
852 3278 1022 3343 senectutis

95 3383 269 3467 requietem
284 3376 610 3466 oblectitrnerit'umque
624 3381 768 3446 noscatis.
801 3379 924 3446 Omitto
939 3378 1022 3443 enim

96 3482 158 3546 viru
174 3482 271 3570 ipsam
286 3484 433 3562 omnium,
450 3506 520 3570 quae
534 3492 723 3570 generantur
737 3481 756 3547 ὸ
770 3479 873 3556 terrd3
897 3501 967 3563 quae
982 3499 1022 3543 ex
