2264 3914
430 215 520 276 CAP.
540 214 598 274 XL
618 213 689 272 XII.
986 211 1022 276 l'l

99 368 257 466 tamqnam
280 402 397 457 arcum,
415 378 559 456 habebat,
575 383 633 445 ne'o
654 379 858 464 languescens
881 397 1022 444 succum·

98 481 189 547 bebat
216 482 377 547 senectuti.
423 480 565 546 Tenebat
591 502 654 546 non
679 479 770 545 modd
795 481 1021 556 auctoritatem,

97 586 150 650 sed
166 585 258 649 etiam
273 583 437 669 imperium
459 584 491 647 in
514 607 606 659 suos3
633 582 815 649 metuebant
830 583 920 658 servi,
936 606 1023 649 vere-

96 689 212 751 bantur
226 686 325 761 liberi,
341 708 446 749 carum
461 708 567 751 omnes
585 685 758 751 habebantt
783 683 907 771 vigebat
922 686 955 748 in
970 685 1023 749 illc

97 787 188 853 domo
199 787 318 871 patrius
332 809 409 862 mos,
421 795 453 851 et
464 786 633 872 disciplina.
679 790 729 850 38.
754 785 806 850 Ita
820 786 902 850 enim
917 807 1023 851 senec·

96 899 148 953 tus
164 888 293 953 honesta
307 897 363 962 est,
374 887 401 951 si
415 909 448 952 se
459 888 525 972 ipsa
540 886 686 963 defendit,
697 887 722 951 si
731 888 784 971 jus
796 910 888 951 suum
898 888 1022 964 retinet,

97 991 124 1054 si
152 990 270 1056 nemini
299 989 492 1074 emancipata
521 999 577 1076 est,
604 989 630 1052 si
654 1011 753 1073 usque
781 988 820 1053 ad
849 999 1024 1055 extremum

97 1091 241 1176 spiritum
256 1090 434 1155 dominatur
447 1091 481 1153 in
499 1112 580 1171 suos.
625 1089 676 1155 Ut
690 1089 772 1154 enim
787 1090 1023 1168 adolescentem,
1124 1152 1128 1162 ,

97 1194 131 1257 in
143 1215 206 1278 qno
218 1192 313 1257 senile
322 1191 450 1276 aliquid,
463 1192 507 1256 sic
518 1213 632 1268 senem,
644 1191 677 1255 in
688 1214 752 1275 quo
761 1202 808 1257 est
823 1192 1024 1258 adolescentis

97 1295 224 1378 aliquid,
240 1297 354 1380 probo:
373 1294 457 1379 quod
472 1294 527 1377 qui
542 1289 692 1378 sequitur,
709 1316 834 1379 corpore
849 1316 943 1360 senex
958 1302 1024 1360 esse

98 1399 223 1483 poterit,
248 1398 352 1462 animo
373 1419 535 1481 nunquam
558 1397 626 1462 erit.
674 1396 833 1482 Septimus
855 1397 930 1462 mihi
951 1400 1023 1463 Ori·

94 1504 199 1586 pinum
229 1499 308 1565 liber
343 1512 391 1564 est
422 1500 455 1562 in
489 1494 651 1575 manibus3
689 1500 792 1565 omnia
826 1500 1024 1583 antiquitatis

96 1612 297 1666 monumenta
306 1600 435 1687 colligo;
451 1604 612 1666 causarum
621 1601 800 1679 illustrium,
811 1624 1023 1686 quascumque

97 1702 230 1778 defendi,
239 1724 324 1771 nunc
334 1694 430 1786 quum
441 1703 576 1768 maxime
587 1703 716 1768 conficio
727 1703 893 1779 orationes3
906 1704 959 1787 jus
968 1728 1024 1768 au·

97 1802 231 1888 gurium,
243 1803 446 1887 pontificium,
457 1803 670 1881 civile‘traotm
684 1804 818 1868 multllm
831 1805 924 1868 etiam
935 1802 1023 1869 Grae-

98 1903 141 1967 cis
158 1903 255 1968 literis
265 1915 351 1979 utor3
377 1903 710 1988 Pythagoreorumque
732 1926 828 1980 more,
845 1904 1023 1969 exercendae

97 2004 251 2068 memoriae
271 2004 380 2088 gratiat,
404 2004 480 2087 quid
496 2025 620 2088 quoque
636 2005 685 2069 die
700 2004 841 2078 dixerim,
863 2004 1032 2086 audierim,

98 2103 224 2189 egerim,
240 2124 444 2167 commemoro
459 2103 587 2189 vesperi.
623 2103 684 2167 Hae
699 2112 773 2167 sunt
788 2102 1024 2169 exercitationes

97 2204 225 2290 ingenii,
241 2203 307 2270 baeo
326 2204 480 2269 curricula
494 2205 626 2282 mentis3
650 2206 684 2268 in
698 2204 746 2269 his
760 2204 913 2270 desudans
928 2216 1024 2290 atque

98 2307 258 2372 elaborans
292 2306 435 2391 corporis
457 2307 538 2370 vires
567 2328 631 2371 non
659 2327 844 2393 magnopere
873 2306 1020 2373 desidero.

97 2401 222 2472 Adsum
244 2407 359 2482 amicis,
374 2407 466 2473 venio
486 2408 521 2471 in
542 2400 684 2473 senatum
703 2407 861 2494 frequens,
876 2409 1023 2494 ultrdque

97 2509 191 2574 affero
216 2531 264 2574 res
289 2509 425 2574 multdm
450 2518 483 2574 et
508 2509 563 2575 diu
591 2511 762 2596 cogitatas3
795 2508 908 2595 dasque
933 2521 1024 2577 tueor

97 2611 202 2686 animi,
217 2632 280 2675 non
295 2610 429 2695 corporis
443 2609 570 2676 viribus.
617 2610 697 2692 Quae
715 2611 741 2675 si
763 2613 891 2696 exsequi
912 2613 1023 2696 nequi·

97 2733 173 2788 rem,
189 2720 296 2776 tamen
308 2732 359 2775 me
372 2710 505 2776 lectulus
519 2711 688 2777 oblectaret
703 2734 789 2777 meus
807 2735 845 2777 ea
858 2714 924 2797 ipsa
939 2715 1023 2801 cogi-

98 2821 227 2889 tantem,
243 2833 313 2896 quae
328 2812 395 2895 jam
415 2834 505 2897 agere
520 2834 583 2877 non
596 2826 735 2901 possem:
760 2814 823 2890 ssd,
838 2823 876 2878 ut
897 2816 1036 2906 possim,

91 2913 263 2997 faciteam
277 2913 351 2978 vita.
400 2913 528 2999 Semper
550 2914 632 2979 enim
653 2914 687 2978 in
709 2914 757 2979 his
779 2916 889 2980 studiis
909 2916 1023 2982 labori-

98 3013 220 3097 busque
255 3014 375 3081 vivenai
409 3038 473 3082 non
508 3015 704 3102 intelligitur,
734 3017 858 3100 quando
874 3039 876 3044 ·
895 3019 1023 3104 obrepat

99 3125 250 3180 senectus.
295 3115 348 3182 Ita
369 3118 482 3183 sensim
504 3117 570 3184 sine
590 3139 681 3192 sensu
696 3129 769 3182 aetas
791 3118 940 3183 senescit:
964 3141 1022 3185 neo
1101 3181 1103 3184 ,

98 3216 203 3282 subitb
217 3217 383 3305 frangitur,
399 3219 454 3285 sed
467 3218 673 3284 diuturnitate
688 3219 908 3307 exstinguitur.

100 3383 103 3388 .
142 3416 227 3483 XII.
252 3423 303 3485 39.
333 3418 483 3505 Sequitur
507 3421 602 3487 tertia
628 3421 815 3508 vituperatio
844 3425 1021 3503 senectutis,

98 3519 183 3609 qubd
198 3543 267 3590 cam
285 3543 388 3590 carere
404 3523 512 3590 dicunt
527 3523 752 3610 voluptatibus.
798 3523 1041 3609 Optabam
