2264 3914
459 175 548 236 OAP.
569 173 658 233 xlx.
807 166 813 184 ²
984 175 1019 232 31

98 339 199 407 habet.
245 341 294 409 At
316 349 363 406 est
385 340 421 405 ed
443 340 568 405 meliore
588 338 764 405 conditione
785 339 879 423 quium
905 337 1023 402 adoles-

97 463 178 518 cens,
202 463 300 525 quum
314 442 356 517 id,
376 440 459 524 quod
480 440 533 505 ille
555 450 668 525 sperat,
684 439 735 504 hic
752 439 819 523 jam
839 447 1023 502 consecutus

97 550 153 604 est.
198 540 258 606 Ille
272 541 341 606 vult
355 539 410 603 diu
425 540 546 616 vivere3
563 539 614 603 hic
632 539 688 603 diu
701 539 791 603 vixit.
838 543 888 603 69.
904 537 1009 619 Quam

98 639 231 721 quam,d
261 639 318 703 Dii
343 638 435 704 boni1
464 639 612 722 quidest
641 638 675 702 in
701 637 834 702 hominis
859 637 927 702 vite
951 636 1023 700 diui

98 735 150 799 Da
174 738 256 801 enim
278 746 457 822 supremum
486 750 627 821 tempus3
658 745 872 821 exspectemus
899 735 1025 799 Tertes-

98 839 212 901 siorum
233 838 315 922 regis
329 847 469 901 aetatem:
491 836 553 901 fuit
572 836 665 911 enim,
693 847 729 900 ut
751 837 902 919 seriptum
924 834 1023 912 vide0,

99 939 336 1023 Arganthonius
362 938 488 1022 quidem
516 938 669 1015 Gadibus,
694 937 751 1021 qui
775 935 935 1021 octoginta
955 958 1024 1023 reg·

98 1037 186 1101 navit
208 1059 316 1114 annos,
335 1048 462 1102 centum
483 1047 515 1101 et
529 1036 643 1122 viginti
665 1035 754 1100 vixit.
802 1033 864 1100 Sed
885 1035 962 1098 mihi
984 1057 1024 1101 ne

98 1136 290 1200 diuturnum>
311 1128 437 1220 quidem
460 1137 630 1220 quidquam
659 1135 793 1210 videtur,
822 1133 856 1197 in
886 1156 948 1217 quo
977 1145 1025 1199 est

99 1236 216 1319 aliquid
245 1247 431 1326 extremum,
476 1237 585 1318 Quum
613 1236 696 1301 enim
725 1236 756 1300 id
786 1235 922 1312 advenit,
948 1245 1025 1301 tunc

98 1336 185 1413 illud,
201 1337 283 1420 quod
298 1337 456 1422 praeteriit,
472 1337 614 1401 effluxit:
631 1345 755 1401 tantum
774 1346 924 1413 remanet,
941 1337 1025 1419 quod

97 1437 215 1502 virtute
229 1448 263 1502 et
277 1437 360 1502 recte
380 1437 471 1503 factis
491 1447 675 1502 consecutus
690 1437 739 1503 sis.
786 1437 883 1501 Horae
898 1436 1025 1520 quidem

98 1537 221 1614 cedunt,
237 1547 270 1603 et
291 1537 366 1614 dies,
389 1549 421 1602 et
442 1560 571 1613 menses,
587 1548 620 1602 et
640 1538 731 1614 anni3
752 1559 810 1601 nee
832 1536 1025 1621 praeteritum

96 1648 220 1723 tempus
242 1662 381 1723 unquam
395 1639 580 1714 revertitur3
604 1661 671 1715 nec,
687 1638 764 1723 quid
778 1649 936 1720 sequatur,
953 1637 1025 1701 sciri

96 1748 207 1823 potest.
255 1738 350 1820 Quod
371 1739 484 1823 cuique
504 1740 651 1825 temporis
673 1739 712 1802 ad
733 1738 900 1803 vivendum
920 1738 1023 1814 datur,

98 1863 134 1906 eo
156 1841 249 1905 debet
264 1863 329 1906 esse
349 1835 621 1942 contentuswo.
640 1839 753 1922 Neque
772 1839 857 1904 enim
870 1838 1023 1914 histrioni,

97 1949 134 2003 ut
143 1939 271 2022 placeat,
284 1939 459 2024 peragenda
469 1949 516 2003 est
525 1938 647 2012 fabula3
664 1938 765 2012 modd,
777 1938 810 2000 in
825 1960 1024 2021 quocumque

97 2035 193 2101 fuerit
207 2047 291 2114 actu,
304 2039 454 2121 probetur
462 2060 471 2113 ;
494 2058 552 2101 nec
567 2036 699 2120 sepienti
713 2057 812 2118 usque
828 2037 867 2099 ad
880 2038 1025 2099 Plaudite

98 2134 293 2199 veniendum.
349 2131 452 2198 Breve
480 2133 564 2197 enim
592 2145 715 2216 tempus
744 2132 843 2196 aetatis
872 2132 946 2196 satis
976 2144 1024 2219 est

97 2234 226 2318 longum
247 2233 288 2298 ad
311 2232 391 2299 bene
413 2232 603 2316 honesteque
623 2232 807 2298 vivendum:
829 2233 876 2297 sin
901 2256 1024 2318 proces-

98 2334 173 2398 seris
184 2333 316 2418 longius
332 2355 396 2397 non
410 2331 508 2418 magis
519 2332 687 2397 dolendum
701 2342 758 2409 est,
774 2333 868 2416 quim
883 2335 1023 2419 agricolus

96 2434 213 2510 dolent,
240 2434 396 2518 praeteritd
420 2433 509 2498 verni
531 2433 678 2518 temporis
700 2433 862 2510 suavitate,
885 2443 1023 2498 aestatem

97 2542 345 2615 autumnumque
366 2532 495 2596 venisse.
542 2531 609 2596 Ver
623 2532 705 2596 enim
725 2541 884 2615 tamquam
907 2532 1024 2597 adoles-

97 2632 231 2696 centiam
257 2630 420 2716 signifieat,
444 2631 644 2714 ostenditque
666 2631 787 2695 fructus
811 2630 950 2695 futuros:
975 2654 1024 2696 re-

97 2729 184 2813 liqna
205 2739 346 2814 tempora
370 2729 561 2795 demetendis
585 2729 738 2795 fructibus
762 2741 795 2796 et
818 2730 1024 2816 percipiendis

98 2831 327 2895 accommodato
352 2840 434 2894 sunt.
481 2832 531 2895 71.
559 2830 697 2895 Fructus
725 2841 831 2895 autem
854 2833 1024 2896 senectutis

99 2940 155 3005 est,
170 2942 208 2996 ut
219 2953 298 3014 saepe
312 2930 387 3007 dixi,
404 2930 476 2995 ante
490 2941 649 3016 partorum
662 2932 814 2995 bonorum
828 2933 977 2997 memoria
991 2943 1024 2998 et

99 3030 194 3113 eopia.
241 3029 356 3096 Omnia
375 3031 457 3107 verb,
484 3052 553 3114 quae
579 3029 749 3096 secundum
766 3043 911 3096 naturam
931 3033 1024 3110 fiunt,

99 3137 174 3193 sunt
188 3129 329 3194 habenda
343 3130 376 3193 in
396 3129 494 3194 bonis.
542 3129 628 3210 Quid
642 3140 690 3194 est
707 3141 812 3195 eutem
834 3142 899 3196 tem
914 3154 1024 3197 secun-

99 3229 175 3293 ddm
189 3239 342 3308 naturam,
358 3231 453 3314 quim
475 3230 600 3294 senibus
615 3231 734 3296 emori?
752 3231 836 3315 quod
849 3232 931 3296 idem
951 3255 1024 3296 con-

99 3330 195 3417 tingit
218 3331 471 3411 adolescentibus,
493 3333 675 3400 adversante
698 3342 731 3400 et
751 3343 946 3421 repugnante
970 3357 1025 3401 nu·

524 3445 542 3486 c
555 3436 574 3486 4
