2264 3914
95 259 133 316 28
416 257 526 318 chO
545 258 696 319 MAJOR.

97 418 220 486 Caecilio
230 419 377 486 Metellol
405 420 534 503 Quanta
543 422 577 486 in
588 419 686 488 Atilio
699 420 859 488 Calatinol
874 423 906 487 in
921 445 1018 506 quem

95 519 174 584 illud
202 521 336 607 elogium
364 522 500 599 unicum,
529 525 676 586 Plurima
705 525 891 589 consentiunt
913 535 1018 610 pentes

92 622 201 703 populi
216 625 399 706 primarium
416 626 517 706 fuisse
540 627 646 689 virum.
694 623 814 688 Notum
830 633 877 687 est
891 645 1016 690 carmen

95 720 226 784 incisum
248 721 280 784 in
302 722 449 807 sepulcro.
503 722 584 788 Jure
610 723 706 808 igitur
730 723 843 808 gravis,
861 724 950 809 eujus
976 724 1017 789 de

95 819 237 884 laudibus
265 823 403 886 omnium
434 831 514 886 esset
542 820 624 886 fama
652 822 852 886 consentiens.
910 821 1016 903 Quem

95 919 196 984 virum
233 920 271 985 P.
297 920 452 998 Crassum,
489 945 588 1006 nuper
622 921 798 1006 pontificem
833 921 1013 999 maximum,

96 1040 188 1101 quem
221 1021 327 1105 posted
350 1021 397 1084 M.
424 1021 579 1106 Lepidum
608 1021 714 1085 eodem
743 1020 912 1085 sacerdotio
936 1043 1016 1105 prae-

94 1117 206 1195 ditum,
227 1119 377 1184 vidimus!
423 1118 509 1200 Quid
534 1119 573 1184 de
595 1118 707 1183 Paullo
725 1129 780 1183 aut
795 1118 945 1184 Africano
968 1120 1016 1185 lo·

95 1218 194 1298 quar?
216 1227 280 1294 aut,
296 1230 333 1283 ut
339 1220 405 1302 jam
419 1219 501 1294 antd,
517 1218 556 1282 de
571 1217 734 1284 Maximo?
756 1240 888 1301 quorum
902 1241 965 1283 non
980 1219 1015 1284 in

94 1315 247 1380 sententid
268 1317 378 1392 soldm,
397 1317 451 1380 sed
470 1317 564 1381 etiam
585 1316 618 1383 in
639 1327 720 1380 nutu
734 1316 892 1381 residebat
905 1328 1016 1383 aucto·

93 1414 176 1479 ritas.
223 1414 330 1479 Habet
353 1424 503 1490 senectus,
525 1414 674 1479 honorata
692 1415 870 1500 praesertim,
893 1425 1016 1481 tantam

93 1513 318 1590 auctoritatem,
341 1525 378 1579 ut
396 1537 434 1579 ea
454 1513 551 1600 pluris
573 1512 622 1592 sit,
645 1516 740 1599 quaim
766 1537 872 1581 omnes
893 1516 1015 1582 adoles·

94 1612 201 1676 centiae
214 1612 398 1698 voluptates.

137 1810 275 1876 XVIII.
293 1816 343 1876 62.
370 1810 432 1878 Sed
446 1811 578 1908 inomni
592 1814 728 1879 oratione
742 1822 929 1882 mementote
944 1837 1015 1880 eam

92 1933 142 1976 me
153 1911 278 1976 laudare
288 1920 487 1988 senectutem,
502 1933 572 1994 quae
583 1912 790 1979 fundamentis
801 1913 1015 1981 adolescentiae

91 2010 260 2076 constituta
272 2010 321 2074 sit.
357 2010 410 2075 Ex
424 2031 486 2094 quo
497 2010 529 2074 id
544 2010 813 2095 efficitur-quod
827 2035 884 2096 ego
898 2035 1014 2097 magno

92 2109 247 2191 quondam
268 2131 339 2174 oum
364 2131 487 2174 assensu
507 2109 644 2174 omnium
658 2109 922 2173 dixi-Miseram
945 2132 1014 2177 esse

91 2220 291 2287 senectutem,
313 2231 382 2292 quae
401 2232 433 2274 se
448 2210 585 2274 oratione
606 2209 793 2274 defenderet.
839 2209 871 2273 N
873 2231 912 2273 on
931 2213 1012 2287 cani,

91 2331 154 2372 non
173 2333 257 2394 rugae
279 2309 405 2394 repente
424 2309 639 2374 auctoritatem
657 2309 790 2395 arripere
803 2319 941 2394 possunt,
957 2311 1015 2374 sed

90 2411 218 2475 honeste
239 2423 309 2476 acta
330 2410 469 2494 superior
487 2421 560 2476 etas
582 2411 701 2475 fruetus
720 2410 802 2494 capit
819 2409 1014 2474 auctoritatis

91 2520 253 2575 extremos.
300 2516 349 2575 63.
375 2511 454 2575 Haec
468 2512 550 2575 enim
563 2511 630 2596 ipsa
643 2521 716 2575 sunt
729 2509 926 2586 honorabilia,
942 2531 1014 2592 quae

90 2609 237 2674 videntur
264 2610 345 2674 levia
380 2620 476 2694 atque
504 2610 687 2686 eommunia,
725 2609 861 2686 salutari,
894 2611 1012 2694 appeti,

90 2707 204 2785 decedi,
225 2708 354 2793 assurgi,
369 2708 488 2786 deduci,
510 2708 624 2785 reduci,
640 2707 774 2783 consuli3
798 2729 867 2790 quae
882 2716 914 2771 et
928 2709 1014 2791 apud

90 2831 155 2885 nos,
172 2819 203 2873 et
222 2808 255 2872 in
269 2809 337 2873 aliis
351 2809 537 2885 civitatibus,
553 2821 590 2874 ut
604 2831 736 2892 quaeque
750 2807 865 2892 optime
880 2819 1012 2883 morata,

90 2908 134 2972 ita
148 2909 380 2994 diligentissime
399 2913 610 2975 observantur.
656 2909 854 2994 Lysandrum
866 2903 1014 2970 Lacedae·

90 3009 237 3084 monium,
267 3009 354 3094 cujus
379 3009 470 3074 modd
492 3011 680 3074 mentionem
702 3008 771 3085 feei,
797 3008 899 3071 dicere
921 3005 1014 3071 aiunt

90 3108 223 3183 solitum,
240 3106 460 3173 Lacedaemone
476 3131 541 3174 esse
560 3109 807 3174 honestissimum
822 3105 1015 3170 domicilium

90 3206 275 3272 senectutis:
299 3231 453 3292 nusquam
479 3209 561 3274 enim
589 3219 713 3274 tantum
738 3208 886 3272 tribuitur
913 3207 1013 3283 aetati,

89 3329 242 3390 nusquam
264 3318 311 3371 est
331 3318 474 3373 senectus
495 3309 681 3374 honoratior.
743 3307 925 3389 Quinetiam
944 3329 1015 3372 me·

89 3408 191 3472 moria
205 3407 362 3492 proditum
377 3418 433 3484 est,
454 3431 551 3492 quum
569 3408 713 3485 Athenis,
728 3408 820 3485 ludis,
836 3405 962 3492 quidam
978 3407 1015 3472 in

90 3505 244 3572 theatrum
266 3507 390 3595 grandis
413 3518 490 3574 natu
513 3508 657 3587 venisset,
679 3508 712 3572 in
733 3530 845 3593 magno
867 3527 1016 3573 consessu
