2258 3916
433 167 523 228 CAP.
544 167 648 229 XXII.
984 175 1022 232 35

100 332 624 418 morumdisseruissct,is‚quiesset
633 334 770 400 omnium
779 335 1022 421 sapientissimus

100 435 223 501 oraculo
239 434 396 521 Apollinis
411 434 579 518 jussurus.
627 433 713 517 Quis
732 409 932 535 maluisse
945 437 1022 502 mus

98 535 246 620 persuasi,
262 536 306 601 sic
321 534 440 600 sentio:
466 557 564 619 quum
578 544 667 601 tanta
686 534 827 601 celeritas
848 535 1023 601 animorum

99 635 150 712 sit,
165 645 254 700 tanta
272 634 421 699 memoria
441 637 677 719 praeteritorum,
692 636 932 719 futurorumque
946 659 1022 721 pru·

98 733 212 812 dentis,
238 744 285 800 tot
314 745 405 810 artes,
429 744 526 798 tnntae
555 734 700 811 scientius,
720 744 769 799 tot
793 734 930 811 inventa,
957 756 1022 799 non

98 857 185 919 posse
211 856 283 905 ,eam
310 843 463 910 naturam,
494 856 564 917 quse
592 857 642 899 res
673 857 724 899 eas
756 834 923 911 continent,
954 857 1024 900 esse.

96 932 277 1000 mortalem:
312 956 472 1018 quumque
497 956 619 1019 semper
644 933 780 1020 agitetur
805 934 937 1012 animus,
961 956 1027 1015 nec,

97 1036 282 1121 principium
305 1033 408 1100 motus
433 1033 555 1110 habeat,
578 1034 653 1117 quia
678 1057 709 1099 se
733 1034 798 1118 ipse
822 1044 954 1112 moveat,
979 1057 1020 1100 ne

97 1134 192 1198 finem
213 1133 339 1217 quidem
351 1131 533 1197 habiturum
554 1154 620 1197 esse
639 1131 752 1208 motds,
769 1132 844 1216 quia
857 1155 1020 1217 nunquam

97 1254 129 1296 se
143 1232 209 1318 ipse
224 1232 264 1297 sit
277 1232 460 1297 relicturus:
478 1241 520 1306 et,
537 1252 633 1314 quum
649 1230 779 1316 simplex
798 1231 893 1295 animi
907 1243 1020 1296 natura

96 1341 186 1409 esset,
196 1353 298 1416 neque
312 1330 440 1396 haberet
454 1330 533 1396 inse
547 1330 717 1415 quidquam
733 1331 899 1395 admistum
913 1331 1019 1416 dispar

96 1432 143 1496 sui
168 1442 264 1517 atque
286 1430 440 1508 dissimile,
463 1453 526 1496 non
548 1453 638 1516 posse
663 1429 735 1496 eum
756 1431 873 1508 dividi3
907 1432 1018 1517 quodsi

95 1555 159 1598 non
172 1532 278 1619 possit,
293 1555 356 1597 non
371 1554 461 1618 posse
474 1532 621 1597 interire:
644 1553 820 1618 magnoque
840 1555 906 1598 esse
925 1555 1020 1618 argu·

95 1642 200 1698 mento
225 1631 364 1696 homines
385 1631 462 1697 scire
481 1631 629 1717 pleraque
652 1632 725 1696 autc
740 1633 834 1716 quim
855 1632 922 1696 nati
943 1633 1016 1710 sint,

96 1731 179 1815 quiid
199 1731 265 1816 jam
290 1731 388 1815 pueri,
415 1753 514 1814 quum
539 1742 620 1795 artes
650 1730 787 1796 difficiles
816 1731 946 1808 discant,
972 1732 1019 1797 ita

95 1831 237 1898 celeriter
249 1853 300 1896 res
319 1831 557 1896 innumerabiles
579 1831 738 1917 arripiant,
754 1839 791 1895 ut
805 1854 856 1896 eas
870 1855 933 1897 uon
948 1841 1018 1903 tum

95 1930 230 2015 primum
244 1930 381 2015 accipere
390 1930 563 2007 videantur,
574 1930 628 1995 sed
642 1929 797 1995 reminisci
808 1940 841 1994 et
854 1931 1014 1996 reeordari.

97 2029 176 2095 Haec
190 2029 283 2094 Plato
297 2039 410 2094 noster.

138 2226 261 2293 XXII.
286 2229 304 2294 7
309 2233 337 2295 9.
360 2225 459 2312 Apud
481 2225 724 2313 Xenophontem
747 2237 861 2305 cutem,
884 2228 1018 2294 moriens

96 2329 200 2414 Cyrus
226 2327 332 2413 Major
353 2328 418 2393 haec
443 2328 697 2395 dicitz—Nolne
725 2333 921 2406 arbitrarii
945 2335 1020 2394 milri

95 2431 245 2492 carissimi
253 2430 333 2509 filii,
353 2451 407 2504 me,
424 2450 516 2512 quum
540 2427 560 2491 ὰ
583 2431 663 2492 vobis
685 2431 852 2506 discessero,
868 2453 1018 2515 nusquam

95 2529 288 2593 cuinullum
308 2530 390 2611 fore.
445 2527 510 2590 Nec
536 2532 623 2605 enim,
647 2531 718 2592 dum
747 2553 830 2592 erum
858 2532 1016 2606 vobiscum,

95 2632 228 2692 animum
242 2651 338 2691 meum
349 2629 510 2691 videbatis:
533 2631 585 2691 sed
605 2652 671 2692 eum
693 2653 753 2692 esse
772 2634 804 2693 in
818 2632 872 2693 noo
886 2653 1017 2714 corpore,

95 2752 130 2791 en
156 2732 195 2792 iis
223 2731 310 2792 rebus
339 2751 415 2813 quas
440 2730 588 2814 yerebam,
613 2731 830 2814 intelliqebatis.
878 2732 1018 2793 Eundem

95 2831 187 2912 iqitnr
211 2851 273 2891 esse
297 2832 443 2904 meditate,
470 2832 560 2891 etiam
584 2832 612 2891 si
634 2831 750 2893 nullum
775 2832 918 2892 uidebitis.
964 2834 1016 2892 80.

95 2928 161 2991 Nm
175 2927 242 2992 verri
257 2930 409 2991 clarorum
430 2932 564 2992 virorum
578 2941 651 3014 post
671 2941 791 2993 mortem
813 2932 936 2993 honores
945 2953 1020 3014 per·

95 3039 256 3104 manerent,
271 3033 300 3091 si
320 3031 397 3092 ninii
415 3033 662 3113 earumipsarum
680 3033 776 3092 animi
790 3031 945 3114 afficerent,
961 3028 1020 3114 qur)

96 3125 209 3191 diutinis
223 3134 394 3193 memoriam
410 3133 459 3192 sni
480 3141 652 3193 teneremus.
697 3132 782 3192 unni
802 3132 919 3213 quidun
942 3152 1021 3192 nun·

95 3251 186 3313 quam
209 3232 386 3311 persuaderi
403 3232 513 3314 potuit,
540 3232 664 3306 animos,
691 3232 763 3292 dnm
788 3232 819 3292 in
849 3231 1021 3312 corporibus
1057 3219 1062 3232 ⁸

95 3338 192 3392 essent
204 3329 388 3405 mortalibus,
402 3333 521 3404 oioere‚·
543 3351 634 3413 quum
649 3335 823 3392 crissantis
842 3332 889 3404 iis,
906 3329 1018 3390 emori:

96 3451 149 3493 nec
174 3424 252 3507 uerri,
270 3425 365 3515 [ium]
397 3433 530 3494 animum
560 3452 619 3492 esse
644 3433 840 3513 insipientem,
866 3448 957 3513 quum
986 3449 1021 3489 er

524 3541 540 3579 c
558 3534 572 3578 s
