2258 3916
446 176 537 238 cAP.
557 177 646 237 XIV.
989 183 1028 240 59

96 369 165 411 eam
195 344 397 429 suscipiamus
426 345 607 414 molestias?
653 343 741 427 Quid
773 343 857 409 enim
886 341 1027 421 interest,

96 458 184 512 motu
206 444 302 511 animi
324 445 457 522 sublato,
480 470 544 512 non
564 449 634 514 dico
653 446 736 511 inter
749 445 907 510 hominem
921 452 954 510 et
974 467 1029 530 pe·

95 546 217 622 eudem,
252 545 304 611 sed
336 544 420 610 inter
438 546 594 614 hominem
615 558 647 614 et
669 569 777 611 saxum
801 555 857 610 aut
879 554 1030 610 truncum

95 656 151 710 aut
167 644 291 728 quidvis
306 644 428 730 generis
446 647 608 730 ejusdem?
652 646 768 730 Neque
784 644 867 709 enim
887 655 962 708 sunt
975 643 1030 708 isti

96 746 252 823 audiendi,
270 747 326 831 qui
340 745 492 813 virtutem
505 749 617 814 duram
632 760 664 813 et
679 747 770 832 quasi
783 746 916 810 ferream
930 767 1030 830 quan·

97 845 168 911 dam
190 870 255 912 esse
274 847 405 912 voluntr
428 870 498 931 quae
521 850 648 933 quidem
670 860 727 925 est,
747 869 844 933 quum
867 847 975 911 multis
997 847 1031 909 in

97 950 200 1024 rebus,
223 960 294 1013 tum
312 951 347 1012 in
369 950 515 1027 amicitia,
531 962 639 1016 tenera
660 963 757 1034 atque
779 949 969 1024 tractabilis3
993 963 1031 1013 ut

98 1058 130 1114 et
159 1050 249 1115 bonis
274 1050 366 1116 amici
395 1050 485 1134 quasi
514 1052 739 1129 diffundantur,
766 1063 799 1116 et
826 1049 1031 1116 incommodis

98 1151 328 1217 contrahantur.
368 1151 580 1234 Quamobrem
597 1175 696 1239 angor
710 1154 778 1229 iste,
791 1152 847 1236 qui
860 1174 917 1237 pro
932 1152 1031 1216 amico

97 1273 179 1336 saepe
202 1253 368 1337 capiendus
394 1264 452 1330 est,
476 1277 540 1319 non
566 1264 692 1319 tantum
716 1253 809 1330 valet,
836 1264 874 1317 ut
898 1252 988 1318 tollat
1013 1251 1031 1314 e

98 1353 164 1417 vitia
185 1353 370 1430 amicitiam3
397 1377 462 1419 non
493 1355 574 1440 plus,
599 1356 694 1440 quam
719 1366 757 1420 ut
785 1353 930 1432 virtutes,
956 1357 1032 1438 quia
1089 1345 1092 1350 ⁵

98 1454 263 1519 nonnullas
278 1477 368 1520 curas
382 1466 414 1520 et
429 1455 586 1521 molestias
601 1456 745 1534 afferunt,
761 1454 974 1541 repudientur.

143 1656 242 1724 XIV.
257 1657 366 1740 Quum
388 1669 493 1724 autem
508 1659 672 1725 contrahat
692 1657 870 1735 amicitiam,
886 1660 1032 1744 utsupra

99 1757 175 1835 dixi,
191 1758 281 1842 siqua
295 1760 479 1844 significatio
494 1760 621 1825 virtutis
633 1760 764 1836 eluceat,
781 1759 928 1842 adquam
942 1781 975 1824 se
990 1760 1032 1823 si·

99 1858 181 1922 milis
192 1860 314 1924 animus
329 1859 462 1944 applicet
472 1869 508 1925 et
520 1861 690 1946 adjungat3
707 1859 739 1924 id
754 1882 853 1943 quum
864 1859 1030 1945 contingit,

99 1980 187 2022 amor
197 1959 354 2024 exoriatur
368 1981 491 2025 necesse
502 1970 559 2025 est.
582 1965 634 2024 49.
650 1958 738 2041 Quid
749 1959 833 2024 enim
844 1969 911 2023 tam
923 1962 1032 2024 absur-

100 2058 186 2133 dum,
203 2059 297 2141 quim
306 2057 453 2123 delectari
463 2058 570 2124 multis
582 2059 728 2122 inanibus
738 2059 841 2133 rebus,
855 2067 892 2122 ut
903 2056 1031 2134 honore,

101 2167 137 2223 ut
157 2157 266 2242 gloria,
290 2169 327 2223 ut
350 2157 491 2235 aedificio,
506 2168 545 2224 ut
564 2159 683 2224 vestitu
698 2158 850 2242 cultuque
874 2158 1030 2244 corporis3
1050 2212 1051 2219 ,

101 2259 204 2324 animo
226 2269 332 2324 autem
346 2258 465 2325 virtute
480 2260 620 2346 praedito,
638 2282 684 2337 eo,
701 2259 758 2344 qui
771 2260 822 2325 vel
842 2283 954 2337 amare,
970 2261 1031 2338 vel,

101 2369 138 2424 ut
153 2359 199 2424 ita
206 2359 316 2436 dicam,
328 2359 486 2426 redamare
497 2359 604 2446 possit,
616 2383 680 2426 non
691 2361 856 2425 admodum
866 2360 1032 2425 delectari?

102 2458 191 2522 Nihil
220 2468 268 2523 est
301 2457 384 2524 enim
413 2459 661 2525 remuneratione
690 2458 924 2534 benevolentiae,
954 2459 1033 2523 nihil

101 2559 314 2642 vicissitudine
355 2560 531 2625 studiorum
573 2560 807 2645 officiorumque
849 2561 1030 2645 jucundius.

102 2663 153 2724 50.
179 2659 300 2741 Qubdsi
329 2660 424 2726 etiam
452 2660 532 2726 illud
561 2660 712 2737 addimus,
739 2660 824 2744 quod
842 2661 932 2725 recte
960 2661 1034 2725 addi

101 2767 215 2843 potest,
231 2759 309 2823 nihil
331 2781 408 2838 esse,
424 2761 509 2844 quod
527 2760 568 2826 ad
591 2783 624 2826 se
644 2783 710 2826 rem
724 2759 820 2826 ullam
835 2771 901 2825 tam
916 2759 1033 2825 alliciat

103 2869 135 2922 et
149 2869 214 2924 tam
228 2861 375 2938 attrahat,
392 2863 487 2946 quam
507 2862 546 2927 ad
562 2861 731 2928 amicitiam
746 2860 935 2938 similitud03
958 2883 1033 2927 oon·

91 2958 230 3025 -cedetur
251 2962 390 3046 profecti)
405 2985 514 3028 verum
533 2984 609 3040 esse,
632 2973 670 3028 ut
689 2961 786 3027 bonos
800 2961 875 3027 boni
889 2962 1032 3048 diligant,

104 3059 339 3146 adsciscantque
368 3062 427 3128 sibi
464 3063 553 3149 quasi
588 3063 822 3149 propinquitate
851 3063 1034 3146 conjunctos
1088 3099 1090 3103 ι

102 3170 198 3243 atque
223 3164 343 3228 natura.
389 3164 479 3228 Nihil
498 3173 546 3233 est
567 3165 651 3229 enim
668 3163 866 3249 appetentius
886 3163 1034 3228 similium

102 3261 160 3337 sui,
184 3261 261 3325 nihil
281 3264 430 3348 rapacius,
454 3265 551 3348 quam
573 3274 693 3330 natura
741 3262 953 3346 Quamobrem
976 3262 1034 3326 hoc

70 3354 75 3362 ’
103 3361 240 3443 quidem,
265 3360 369 3427 Fanni
390 3375 422 3430 et
440 3362 588 3441 Scaevola
609 3373 740 3440 constat,
756 3373 794 3428 ut
810 3362 929 3448 opinor,
945 3361 1034 3426 bonis

101 3459 185 3528 inter
210 3464 308 3529 bonos
334 3465 423 3550 quasi
445 3465 649 3532 necessariam
672 3462 922 3532 benevolentiam
946 3483 1031 3529 esse:

523 3582 540 3616 n
558 3571 573 3618 6
