2258 3916
124 220 163 275 80
511 215 682 274 LAELIUS.

123 377 244 454 militia,
269 361 325 443 ¹eod
354 376 448 443 etium
474 379 738 463 peregrinationes
768 379 1054 464 rusticationesque

123 500 310 543 communes.
358 483 428 542 104.
454 478 537 542 Nam
563 479 639 562 quid
665 501 724 564 ego
748 479 787 544 de
813 480 924 544 studiis
949 480 1052 546 dicam

123 577 329 662 cognoscendi
348 599 467 664 semper
482 579 600 662 aliquid
614 595 710 663 atque
724 579 870 655 discendi,
886 581 918 642 iu
934 580 1052 662 quibus

123 677 234 742 remoti
255 679 295 742 eb
313 678 412 742 oculis
432 679 540 764 populi
561 702 653 745 omne
675 680 808 745 otiosum
830 691 953 766 ternpus
976 703 1052 746 con-

123 776 290 841 trivimus?
335 775 478 858 Quurum
499 801 603 842 rerum
624 779 795 844 recordatio
809 791 842 844 et
856 780 1003 845 memoria
1022 781 1051 844 si

122 874 186 940 und
209 897 280 941 cum
305 875 359 940 illo
388 876 559 953 occidisset,
590 877 775 942 desiderium
804 878 1050 962 conjunctissimi

122 986 218 1059 atque
247 975 449 1041 amantissimi
478 977 538 1042 viri
565 975 646 1042 ferre
673 978 761 1042 nullo
789 978 891 1042 modo·
914 1000 1046 1062 possem.

125 1074 188 1140 Sed
216 1097 274 1140 neo
297 1076 351 1140 illa
375 1077 531 1142 exstinctu
560 1087 644 1155 sunt,
668 1077 859 1162 alunturque
884 1077 989 1163 potiris
1015 1090 1049 1143 et

121 1185 277 1261 augentur
302 1176 489 1261 cogitatione
515 1186 547 1242 et
572 1178 738 1252 memorid3
762 1186 795 1241 et
818 1178 845 1241 si
867 1177 929 1242 illis
953 1177 1048 1263 plane

121 1277 248 1341 orbatus
262 1298 530 1363 essem„magnum
546 1286 650 1341 tamen
665 1277 788 1341 afferret
802 1276 878 1340 mihi
892 1286 966 1342 setas
979 1277 1049 1362 ipso

122 1376 286 1451 solatium3
309 1375 427 1440 diutids
441 1377 524 1440 enim
534 1377 601 1460 jum
615 1369 648 1439 in
663 1375 722 1441 hoc
736 1375 887 1441 desiderio
902 1397 968 1442 esse
982 1398 1047 1441 non

121 1497 253 1559 possum.
286 1474 400 1541 Omnis
413 1487 519 1541 eutem
532 1476 639 1542 brevia
652 1476 825 1542 tolerabilia
839 1498 904 1543 esse
918 1475 1050 1554 debent·

121 1571 216 1636 etiam
230 1572 256 1635 si
270 1594 382 1657 magno
402 1584 484 1638 sunt.
924 1564 929 1579 ¹

165 1670 245 1735 Haec
259 1671 363 1748 habui,
378 1671 417 1736 de
432 1672 584 1738 Amicitia
598 1695 669 1759 que
683 1674 826 1740 dicerem.
856 1673 924 1739 Vos
938 1682 1052 1740 eutem

121 1769 237 1846 hortor,
255 1779 293 1834 ut
306 1770 352 1835 ita
365 1771 515 1837 virtutem
534 1772 653 1849 locetis,
668 1772 736 1838 sine
752 1774 815 1858 qud
828 1772 965 1838 amicitis
978 1795 1047 1840 csse

121 1892 184 1935 non
198 1881 311 1956 potest,
326 1881 375 1952 ut,
389 1872 426 1940 ed
439 1872 579 1959 excepte,
594 1873 673 1939 nihil
687 1873 824 1940 amicitia
840 1871 1046 1960 praestabilius

120 1970 246 2056 putetis.
1049 2012 1053 2018 ·
