2258 3916
464 200 553 268 cnr.
573 207 643 267 xv.
986 212 1027 269 st·

99 370 248 438 amicitia.
294 376 345 438 53.
379 371 460 453 Quis
489 373 572 439 enim
601 383 656 438 aut
686 395 756 438 eum
785 370 905 458 diligat,
930 396 1024 458 quem

99 475 229 550 metuit3
249 483 304 539 aut
319 475 436 549 eumd
460 496 522 556 quo
545 497 578 539 se
593 475 690 539 metui
710 476 824 560 putat?
868 475 1026 542 Coluntur

98 586 203 641 tamen
233 575 430 640 simulatione
459 575 613 640 duntaxat
642 578 681 640 ad
709 586 840 661 tempus.
902 576 1024 659 Quddsi

97 677 189 753 forte,
214 687 251 740 ut
276 677 312 739 lit
333 675 526 760 plerumque,
550 676 728 753 ceciderint,
751 686 820 741 tum
839 678 1025 763 intelligitur

99 778 192 859 quam
212 776 330 840 fuerint
352 776 459 860 inopes
482 776 659 840 amicorum.
706 775 802 858 Quod
818 776 1025 861 Tarquinium

99 877 212 940 dixisse
233 875 349 950 lerunt,
372 884 441 938 tum
464 873 658 939 exsulantem
677 898 710 940 ae
729 876 919 940 intellexisse
947 899 1025 960 quos

98 975 175 1039 fidos
197 975 311 1039 amicos
330 972 498 1049 habuisset,
515 997 594 1058 quos
614 974 735 1050 infidos,
751 996 850 1058 quum
867 977 933 1058 jam
948 999 1025 1040 neu·

98 1076 155 1138 tris
180 1074 313 1159 gratiam
333 1073 448 1138 referre
471 1085 584 1159 posset.
620 1077 680 1138 Ι54.
702 1073 901 1157 Quamquam
920 1075 1024 1152 miror,

98 1174 152 1238 illel
172 1174 317 1260 superbit
338 1183 372 1238 et
391 1173 637 1258 importunitate,
660 1173 891 1256 siquemquam
912 1174 1026 1239 habere

98 1274 211 1358 potuit.
257 1275 368 1357 Atque
397 1285 435 1338 ut
460 1272 562 1358 hujus,
590 1294 684 1356 quem
714 1273 789 1350 dixi,
817 1297 918 1338 morea
937 1297 1026 1338 veros

98 1373 211 1437 amicos
234 1395 342 1458 parare
362 1395 425 1436 non
447 1382 595 1457 potuere3
618 1370 662 1435 sio
679 1371 848 1436 multorum
862 1395 934 1458 opes
948 1395 1026 1457 prae·

97 1473 272 1556 potentium
302 1471 473 1536 excludunt
498 1470 649 1535 amicitias
678 1470 792 1537 fideles.
839 1473 911 1537 Non
942 1473 1025 1538 enim

98 1572 197 1638 soldm
213 1573 279 1659 ipsa
293 1572 418 1637 fortuna
433 1593 512 1636 caeca
527 1580 591 1646 est;
608 1571 662 1635 sed
673 1593 725 1637 eos
739 1572 832 1636 etiam
843 1573 1025 1658 plerumque

99 1672 192 1736 efficit
215 1694 319 1748 cacos,
336 1693 415 1755 quos
436 1670 596 1755 complexa
616 1682 675 1735 eat.
720 1670 834 1755 Itaque
854 1671 1027 1738 efferuntur

96 1772 143 1835 illi
163 1772 229 1836 fere
245 1771 370 1836 fastidio
386 1779 418 1835 et
438 1770 650 1845 contumacit3
674 1792 777 1854 neque
792 1771 962 1856 quidquam
977 1772 1026 1836 in·

98 1872 228 1956 sipiente
249 1871 409 1935 fortunato
429 1867 654 1933 intolerabilius
668 1868 736 1934 lieri
757 1879 869 1955 potest.
914 1873 1025 1955 Atque

97 1971 156 2036 hoc
179 1971 306 2054 quidem
332 1970 437 2035 videre
462 1969 555 2043 licet;
583 1990 644 2045 eos,
667 1968 722 2051 qui
742 1972 833 2034 antea
858 1971 1025 2036 commodis

97 2071 226 2135 fuerunt
249 2069 395 2144 moribus,
411 2067 552 2152 imperia,
571 2078 736 2152 potestate,
757 2070 911 2153 prosperis
933 2074 1025 2136 rebus

97 2169 266 2244 immutari,
282 2167 449 2253 spernique
464 2167 503 2230 ab
515 2164 553 2229 iis
563 2177 684 2230 veteres
698 2166 858 2244 amicitias,
870 2169 1025 2255 indulgeri

96 2270 193 2334 novis.
240 2273 290 2335 55.
310 2267 397 2349 Quid
419 2274 526 2330 autem
548 2265 684 2342 stultius,
708 2267 812 2350 quam,
836 2290 934 2352 quum
955 2271 1026 2355 plu-

96 2371 209 2435 rimum
240 2369 345 2454 copiis,
376 2366 586 2442 facultatibus,
617 2366 728 2451 opibus
763 2369 893 2453 possint,
922 2381 1026 2436 cetera

96 2493 215 2555 parare,
231 2491 299 2553 quae
311 2476 461 2553 parantur
475 2467 614 2551 pecunia,
631 2489 736 2551 equos,
753 2469 895 2546 famulos,
906 2482 1026 2535 vestem

97 2569 264 2654 egregiam,
280 2590 353 2631 vasa
367 2565 520 2651 pretiosa;
537 2566 651 2630 amicos
665 2589 728 2631 non
742 2589 859 2652 parare,
877 2570 1026 2653 optimam

98 2682 131 2733 et
154 2669 391 2753 pulcherrimam
418 2667 500 2742 vita,
523 2679 561 2731 ut
586 2666 632 2731 ita
654 2667 765 2745 dicam,
781 2670 1027 2756 supellectilem?

98 2768 226 2833 Etenim
238 2778 342 2833 cetera
354 2788 452 2850 quum
460 2775 581 2850 parant,
597 2765 648 2830 cui
663 2779 784 2850 parent,
798 2768 953 2846 nesciunt,
966 2791 1032 2835 nec·

97 2870 185 2951 cujus
196 2869 288 2934 causa
299 2869 485 2932 laborent-
493 2868 560 2950 ejus
574 2865 656 2930 enim
668 2875 715 2931 est
729 2867 860 2932 istorum
872 2867 1024 2954 quidque,

97 2969 152 3051 qui
168 2969 265 3034 vincit
280 2967 417 3043 viribus3
440 2967 646 3032 amicitiarum
660 2987 716 3030 sua
730 2966 844 3051 cuique
863 2981 1025 3054 permanet

97 3067 215 3132 stabilis
230 3077 262 3132 et
276 3077 360 3133 certa
374 3066 622 3152 possessio—ut,
638 3067 732 3131 etiam
747 3067 774 3131 si
788 3067 842 3132 illa
867 3086 1023 3144 maneant,

98 3190 167 3251 quae
188 3178 262 3233 sunt
277 3167 366 3251 quasi
387 3167 468 3232 dona
481 3166 624 3242 fortuna,
647 3175 752 3232 tamen
766 3166 833 3232 vita
848 3167 976 3244 inculta,
991 3179 1026 3233 et

97 3267 217 3332 deserta
230 3265 271 3332 ab
288 3267 404 3346 amicis,
419 3288 482 3333 non
496 3265 594 3354 possit
608 3287 674 3332 esse
684 3266 834 3352 jucunda.
882 3267 945 3334 Sed
960 3268 1025 3333 haec

96 3367 255 3434 hactenus.

923 3482 946 3517 ,a

927 3686 962 3723 Ἃ
