2264 3914
98 215 137 272 60
409 204 521 265 CATO
542 203 693 264 MAJOR.

98 377 210 442 Potest
234 372 316 439 enim
345 371 515 456 quidquam
540 391 604 434 esse
632 368 802 445 absurdius,
832 367 925 452 quam
951 367 1021 454 qud

97 476 199 542 minus
213 474 270 540 viae
284 480 390 549 restat,
406 471 442 536 ed
455 469 526 556 plus
539 468 644 534 viatici
659 469 817 552 quaerere?

140 671 242 738 XIX.
255 675 305 736 66.
331 669 452 752 Quarta
462 678 558 733 restat
567 689 666 743 causa,
678 689 748 750 quae
758 666 891 731 maxime
901 687 1020 751 angere

97 782 191 856 atque
211 770 373 836 sollicitam
386 769 499 834 habere
520 777 656 832 nostram
675 776 798 830 aetatem
812 765 945 841 videtur,
961 787 1020 849 ap-

96 870 315 957 propinquatio
325 869 449 945 mortis3
466 891 535 952 quae
550 867 632 932 certe
642 867 661 931 6
672 875 831 931 senectute
839 888 902 929 non
912 873 1019 950 potest

97 970 188 1054 longd
209 972 321 1040 abesse.
368 966 563 1034 Omiseram
584 988 698 1041 senem,
715 963 770 1047 qui
791 975 921 1028 mortem
942 985 1019 1028 con-

96 1069 292 1133 temnendam
306 1090 371 1133 6666
386 1068 418 1131 in
432 1079 498 1132 tam
511 1067 603 1152 longi
614 1075 703 1130 aetate
717 1087 779 1128 non
794 1063 923 1128 viderit!
945 1086 1019 1147 quae

96 1179 152 1265 qut
172 1169 262 1254 plane
287 1168 471 1254 negligenda
490 1177 546 1244 est,
568 1168 594 1231 si
614 1167 740 1231 omnino
757 1165 928 1250 exstinguit
948 1166 1018 1229 ani-

96 1293 199 1345 mum3
226 1278 281 1333 aut
296 1269 388 1334 etiam
403 1268 546 1354 optanda,
562 1267 589 1330 si
607 1266 711 1350 aliqud
725 1288 796 1330 eum
810 1265 945 1342 deducit,
960 1267 1018 1330 ubi

97 1369 137 1432 sit
152 1368 276 1432 futurus
290 1376 430 1430 aeternus.
475 1365 579 1448 Atqui
592 1365 721 1429 te1tium
739 1363 822 1429 certe
837 1363 914 1426 nihil
928 1363 1020 1429 inve-

97 1450 160 1529 niri
171 1475 281 1551 potest.
316 1468 366 1531 67.
380 1464 465 1546 Quid
479 1465 577 1550 igitur
591 1464 725 1540 timeam,
741 1464 767 1527 si
781 1475 836 1528 aut
851 1486 912 1527 non
923 1463 1020 1529 miser

96 1575 166 1650 post
181 1575 319 1641 mortem,
335 1575 390 1629 aut
404 1568 513 1629 beatus
527 1564 620 1629 etiam
633 1564 757 1628 futurus
772 1564 863 1627 sum?
897 1562 1019 1644 Quam-

97 1687 191 1747 quam
214 1664 283 1747 quis
303 1676 350 1728 est
372 1673 436 1728 tam
459 1664 582 1741 stultus,
610 1664 751 1746 quamvis
775 1663 816 1727 eit
830 1663 1018 1740 adolescens,

97 1764 148 1829 cui
170 1765 210 1830 sit
232 1763 425 1849 exploratum
449 1786 481 1828 se
502 1763 541 1828 ad
562 1785 724 1848 vesperum
750 1786 815 1828 esse
836 1763 1021 1828 victurum?

99 1862 185 1944 Quin
214 1863 307 1928 etiam
333 1873 406 1927 aetas
435 1863 488 1927 illa
512 1863 610 1928 multd
638 1863 751 1949 plures,
778 1866 872 1948 quim
899 1873 1019 1942 nostra,

96 1963 204 2028 mortis
224 1985 311 2028 casus
325 1962 435 2029 habet:
459 1963 579 2028 facilius
597 1963 631 2026 in
652 1966 774 2028 morbos
787 1965 930 2030 incidunt
943 1967 1020 2030 ado-

96 2063 264 2141 lescentes3
284 2064 409 2150 gravids
431 2074 599 2148 aegrotant3
615 2065 735 2130 tristius
750 2076 905 2131 curantur.
949 2065 1021 2131 Ita·

97 2186 160 2247 quc
180 2164 271 2249 pauci
289 2163 419 2228 veniunt
433 2163 473 2226 ad
492 2173 701 2230 senectutem:
726 2165 809 2248 quod
830 2166 863 2229 ni
877 2166 922 2230 ita
936 2167 1020 2231 acci-

97 2264 193 2336 deret,
216 2262 326 2327 malins
343 2273 376 2326 et
396 2262 580 2344 prudentius
607 2263 772 2328 viveretur.
818 2263 911 2328 Mens
933 2265 1019 2330 enim

97 2373 130 2426 et
152 2362 231 2426 ratio
253 2371 286 2426 et
311 2361 471 2426 consilium
495 2361 529 2424 in
557 2361 681 2426 senibus
709 2372 775 2438 est;
802 2363 857 2447 qui
882 2364 908 2427 si
936 2363 1019 2435 nulli

97 2459 239 2534 fuissent,
264 2459 357 2524 nullae
375 2460 498 2524 omnino
520 2459 660 2524 civitates
681 2475 791 2525 essent.
838 2460 901 2527 Sed
923 2463 1019 2529 redeo

98 2557 137 2621 ad
166 2566 296 2621 mortem
324 2557 561 2642 impendentem.
608 2557 701 2638 Quod
723 2559 801 2622 illud
824 2570 871 2624 est
899 2561 1019 2627 crimen

98 2656 275 2733 senectutis,
296 2679 394 2740 quum
407 2656 485 2720 illud
503 2656 632 2721 videatis
648 2680 719 2722 oum
734 2659 937 2725 adolescentid
951 2684 1018 2727 6666

98 2757 282 2822 commune?
325 2762 376 2822 68.
394 2755 482 2822 Sensi
497 2779 554 2842 ego
569 2779 666 2840 quum
679 2758 713 2822 in
727 2759 843 2843 optimo
858 2761 922 2826 filio
936 2783 1016 2836 meo,

97 2867 166 2921 tum
188 2857 222 2920 in
248 2857 433 2942 exspectatis
452 2856 491 2920 ad
512 2852 729 2942 amplissimam
750 2860 934 2944 dignitatem
953 2861 1019 2926 fra·

98 2955 198 3019 tribus
216 2957 289 3034 tuis,
313 2956 427 3041 Scipio,
448 2956 532 3020 omni
552 2957 637 3021 atati
655 2968 785 3021 mortem
800 2981 865 3024 6666
880 2983 1018 3026 commu-

98 3077 178 3119 nem
228 3055 276 3121 At
300 3067 401 3142 sperat
420 3056 605 3132 adolescens,
618 3057 673 3121 diu
691 3080 723 3122 se
738 3058 911 3124 victurum:
931 3063 1018 3143 quod

98 3175 219 3239 sperare
239 3156 321 3220 idem
343 3178 436 3221 senex
460 3177 523 3219 non
541 3166 652 3240 potest.
697 3155 884 3241 Insipienter
900 3171 1015 3245 sperat.

100 3254 186 3336 Quid
207 3255 289 3320 enim
311 3256 446 3331 stultius,
462 3256 555 3338 quim
572 3256 689 3321 incerta
705 3279 761 3341 pro
782 3258 873 3322 certis
893 3258 1016 3337 habere,

98 3351 175 3420 falsa
198 3377 254 3442 pro
282 3356 385 3422 veris?
430 3354 542 3434 Senex,
568 3378 608 3422 ne
634 3355 717 3440 quod
748 3368 849 3442 speret
879 3359 1016 3443 quidem,
