2264 3914
467 200 558 262 cAP.
578 203 668 262 XIII.
996 202 1033 266 19

107 386 140 432 se
155 365 174 430 ὲ
190 365 357 450 majoribus
378 377 455 431 natu
470 368 622 453 accepisse
643 367 776 445 dicebat,
792 389 892 452 quum
906 367 1033 451 quidem

107 467 136 532 ei
165 467 300 532 sermoni
334 468 527 533 interfuisset
556 467 650 533 Plato
682 468 903 534 Atheniensis:
939 489 1033 551 quem

108 566 280 633 Tarentum
304 569 434 645 venisse,
451 569 490 633 1..
509 567 652 645 Camillo,
671 569 777 654 Appio
800 568 934 634 Claudio
959 591 1033 634 con-

105 670 234 746 sulibus,
250 671 380 756 reperio.
424 675 477 734 42.
503 670 664 752 Quorsum
678 670 765 735 haec?
786 680 824 736 ut
838 670 1032 756 intelligatis,

106 771 131 835 si
147 771 340 856 voluptatem
356 771 512 854 aspernari
527 771 647 836 ratione
662 780 693 835 et
709 769 860 854 sapientia
879 790 944 834 non
961 792 1033 855 pos·

85 864 217 949 semus,
239 895 382 957 magnam
408 871 580 935 habendam
609 871 764 937 senectuti
792 873 935 958 gratiam,
963 895 1033 957 quae

105 974 252 1049 effecerit,
268 983 305 1037 ut
319 973 351 1036 id
367 996 428 1037 non
444 973 564 1049 liberet,
581 972 666 1056 quod
680 995 743 1037 non
758 984 922 1058 oporteret.
966 974 1032 1039 Im-

105 1075 192 1159 pedit
217 1075 300 1139 enim
324 1074 487 1139 consilium
504 1073 666 1159 voluptas3
688 1074 803 1138 rationi
826 1084 873 1140 est
896 1075 1031 1154 inimica,

104 1197 142 1240 ac
169 1176 372 1241 mentis—ut
396 1175 443 1240 ita
467 1174 567 1240 dicam
578 1175 809 1260 -praestringit
834 1177 950 1256 oculos,
974 1200 1033 1244 nec

104 1276 200 1342 habet
235 1277 335 1341 ullum
371 1300 443 1342 cum
470 1277 589 1343 virtute
625 1278 851 1343 commercium.
906 1279 1032 1345 Invitus

65 1441 69 1452 ,
104 1378 231 1462 quidem
252 1378 323 1456 feci,
338 1390 376 1444 ut
397 1378 557 1444 fortissimi
572 1379 631 1443 viri
647 1379 684 1444 Τ.
701 1379 873 1446 Flaminini
892 1380 1032 1460 fratrem,

103 1478 144 1543 L.
155 1476 377 1555 Flamininum,
389 1479 406 1543 ὲ
421 1468 532 1543 senatu
548 1479 699 1563 ejicerem,
712 1490 831 1565 septem
845 1481 934 1547 annis
948 1481 1030 1566 phot,

103 1582 198 1664 quam
213 1581 322 1646 consul
336 1580 448 1646 fuisset
456 1605 465 1656 ;
482 1581 537 1645 sed
550 1581 720 1645 notandam
733 1583 844 1668 putavi
857 1582 1029 1649 libidinem.

103 1681 172 1747 Ille·
189 1683 271 1747 enim
294 1705 393 1767 quum
415 1694 496 1748 esset
517 1682 634 1760 consul,
650 1682 683 1746 in
700 1683 806 1750 Gallis
828 1697 974 1750 exoratus
996 1684 1031 1754 in

102 1785 245 1850 convivio
260 1786 278 1849 d
293 1796 394 1850 scorto
410 1796 467 1863 est,
479 1795 517 1849 ut
528 1785 628 1851 securi
642 1785 748 1851 feriret
759 1786 896 1871 aliquem
910 1808 1029 1865 eorum,

103 1883 215 1967 quiin
236 1883 369 1948 vinculis
394 1895 497 1950 essent
520 1884 660 1949 damnati
684 1883 731 1949 rei
759 1884 908 1971 capitalis.
954 1885 1029 1963 Hic,

104 1984 188 2060 Tito,
198 1984 295 2049 fratre
306 2007 372 2060 suo,
383 2007 517 2062 censore,
528 1985 583 2067 qui
598 1985 757 2071 proximus
768 1996 841 2051 ante
855 2008 906 2051 me
917 1987 1029 2063 fuerat,

102 2085 224 2170 elapsus
243 2096 310 2149 est:
333 2085 410 2147 mihi
424 2084 499 2150 verb
520 2095 552 2149 et
567 2085 681 2149 Flacco
702 2085 887 2169 neutiquam
906 2087 1049 2171 probari

102 2185 207 2270 potuit
221 2197 286 2250 tam
300 2185 453 2271 flagitiosa
475 2195 508 2250 et
529 2195 593 2256 tam
608 2185 730 2271 perdita
743 2185 850 2262 libido,
866 2208 936 2271 quas
957 2209 1029 2253 cum

102 2288 214 2372 prohro
228 2288 350 2373 privato
365 2289 569 2373 conjungeret
582 2287 704 2373 imperii
718 2287 861 2357 dedecus.

66 2486 74 2503 ”
143 2489 248 2557 XIII.
272 2497 324 2556 43.
344 2489 433 2576 saeps
446 2490 554 2558 audivi
575 2489 776 2575 amajoribus
798 2501 885 2567 natu,
910 2491 966 2575 qui
994 2514 1028 2560 se

99 2593 191 2677 porro
213 2615 323 2678 pueros
343 2593 362 2656 h
381 2591 506 2657 senibus
525 2591 647 2656 audisse
662 2590 815 2666 dicebant,
830 2591 936 2656 mirari
956 2593 1028 2658 soli·

99 2704 169 2763 tum
181 2693 218 2763 C.
231 2695 422 2770 Fabricium,
433 2694 528 2777 qubd,
540 2716 637 2777 quum
652 2692 735 2777 apud
749 2715 855 2778 regem
866 2693 1027 2778 Pyrrhum

98 2796 220 2882 legatus
242 2807 332 2873 esset,
353 2796 490 2861 audisset
509 2797 528 2859 a
549 2795 696 2860 Thessalo
717 2793 824 2871 Cinea,
847 2817 912 2860 esse
927 2818 1027 2879 quen·

100 2898 170 2963 dam
188 2898 335 2976 Athenis,
351 2899 406 2983 qui
426 2921 458 2962 se
476 2898 646 2983 sapientem
660 2897 876 2982 profiteretur3
893 2921 1027 2985 eumque

99 2999 211 3084 dicere,
241 3000 352 3077 omnia,
378 3023 447 3086 quae
472 3000 653 3076 faceremus,
678 2993 717 3063 ad
742 2998 937 3084 voluptatem
960 3023 1026 3067 esse

99 3101 273 3167 referenda:
296 3102 381 3187 quod
396 3125 436 3167 ex
457 3123 494 3165 eo
516 3101 686 3177 audientes,
708 3100 764 3165 Μ’.
777 3101 911 3168 Curium
925 3113 958 3167 et
975 3101 1023 3168 Ti.

101 3201 341 3280 Coruncanium,
354 3217 460 3290 optare
472 3202 587 3279 solitos,
602 3213 640 3269 ut
653 3202 685 3267 id
703 3201 894 3269 Samnitibus
903 3203 1025 3290 ipsique

98 3303 223 3389 Pyrrho
251 3306 496 3390 persuaderetur,
527 3304 590 3389 qud
626 3304 745 3370 facilius
772 3305 858 3380 rinei
889 3316 1023 3390 possent,

97 3429 196 3492 quum
211 3429 244 3472 se
258 3407 470 3492 voluptatibus
485 3407 648 3471 dedissent.
695 3406 828 3472 Vixerat
839 3406 894 3471 Μ’.
910 3405 1024 3473 Curius

97 3531 169 3579 curn
189 3508 227 3574 P.
245 3507 355 3586 Decio,
377 3510 431 3595 qui
450 3508 664 3594 quinquennio
686 3520 761 3575 ante
781 3531 861 3574 eum
872 3508 1047 3569 commem
