2258 3916
249 681 451 775 CATO
518 680 799 775 Maron.

376 976 644 990 *Ι

106 1219 136 1290 Ι.
154 1227 182 1288 l.
200 1225 229 1288 0
250 1225 354 1300 THE,
370 1227 399 1286 si
412 1225 487 1309 quid
499 1246 550 1306 eqo
564 1222 682 1308 edjcim,
699 1245 839 1287 curamve
855 1220 977 1298 leuciaco,

200 1327 276 1404 Quae
291 1349 371 1389 auae
386 1336 414 1389 te
425 1330 526 1410 coquit
540 1335 569 1388 et
582 1336 682 1388 versat
695 1329 726 1388 ia
736 1326 943 1410 pectorefira‚

192 1429 317 1513 Ecquid
330 1432 389 1491 erit
396 1433 531 1512 premi?

105 1557 200 1624 Licet
214 1559 296 1623 enim
312 1560 450 1624 versibus
465 1559 574 1624 iisdem
596 1558 672 1624 mihi
694 1557 783 1623 affari
805 1566 850 1634 te,
868 1556 986 1632 Attice,

62 1660 177 1744 quibus
192 1659 305 1724 affatur
320 1661 532 1724 Flamininum

986 1744 997 1772 0

148 1791 207 1854 Ille
222 1794 279 1868 vir,
296 1793 381 1855 tend
394 1792 506 1877 maqmi
521 1815 588 1856 cam
603 1815 645 1868 re,
658 1795 710 1855 sed
718 1793 829 1876 pimus
833 1791 922 1873 fidei.

63 1926 263 2011 Quamquam
278 1931 363 1995 certo
377 1931 451 2004 scic,
467 1955 539 2008 non,
555 1942 592 1996 ut
607 1931 831 2004 Flamininum,

183 2059 352 2122 Sollicitari
364 2070 400 2136 te,
420 2063 497 2136 Tite,
513 2065 556 2124 sic
571 2071 724 2146 noctesque
738 2062 864 2144 diesque.

61 2205 149 2272 Novi
169 2208 253 2271 enim
272 2207 514 2273 moderationem
536 2209 628 2272 animi
651 2208 709 2284 tui,
731 2218 764 2273 et
784 2206 984 2292 aequitatem

59 2319 157 2393 teque
177 2332 241 2374 non
260 2332 433 2396 cognomen
452 2309 552 2374 solnm
572 2309 709 2374 Athenis
729 2310 916 2394 deperiisse,
932 2310 987 2374 sed

59 2409 286 2476 humanitatem
307 2423 339 2476 et
353 2411 550 2498 prudentiam
565 2412 715 2497 intelligo.
761 2411 807 2476 Et
827 2421 933 2476 tamen
952 2421 986 2476 tc

59 2510 198 2596 suspicor
226 2511 335 2578 iisdem
364 2514 467 2590 rebus,
496 2513 610 2597 quibus
639 2513 800 2598 meipsum,
826 2512 986 2577 interdum

58 2612 185 2699 gravies
200 2614 404 2678 commoverit
429 2637 562 2698 quarum
576 2615 744 2679 consolatio
765 2627 797 2679 et
813 2616 911 2698 major
926 2625 983 2689 cst,

59 2725 92 2782 ct
116 2715 151 2779 in
174 2714 260 2778 aliud
282 2726 406 2801 tempus
432 2716 611 2782 differenda
657 2717 752 2782 Nunc
777 2727 882 2781 autem
908 2716 985 2779 mihi

57 2819 160 2885 visum
184 2826 233 2882 est
258 2818 298 2882 dc
327 2817 494 2884 Senectute
518 2820 637 2903 aliquid
662 2820 701 2883 ad
723 2830 756 2883 te
780 2819 981 2883 conscribere.

59 2924 88 2982 2.
114 2919 186 2986 Hoc
201 2918 284 2985 enim
299 2943 402 2997 onere,
420 2922 504 3004 quod
522 2921 600 2985 mihi
617 2932 723 2986 tecum
742 2943 905 2986 commune
925 2933 982 2997 est,

58 3030 114 3084 aut
124 3022 189 3105 jam
204 3022 345 3108 urgentis
364 3033 420 3087 aut
439 3023 523 3089 certe
543 3023 739 3090 adventantis
757 3023 935 3098 senectutis,
951 3035 983 3086 et

58 3134 91 3188 te
107 3134 139 3188 et
154 3125 306 3211 meipsum
320 3127 418 3193 levari
432 3127 522 3192 volo:
547 3127 606 3191 etsi
619 3137 653 3192 te
668 3127 793 3210 quidem
812 3125 845 3189 id
864 3126 983 3190 modice

57 3247 94 3291 ac
115 3225 280 3311 sapienter,
303 3228 384 3294 sicut
406 3229 518 3304 omnia,
541 3239 574 3292 et
595 3229 677 3294 ferre
700 3238 733 3293 et
753 3228 891 3294 laturum
916 3250 982 3292 esse

57 3327 144 3394 certo
170 3327 241 3393 scio.
289 3328 353 3396 Sed
375 3329 461 3405 mihi,
486 3350 584 3412 quum
607 3331 646 3395 de
674 3329 842 3396 Senectute
865 3328 983 3414 aliquid

57 3430 170 3498 vellem
196 3429 339 3509 scribere,
365 3441 401 3498 tu
427 3429 610 3496 occurrebas
639 3431 752 3518 dignus
781 3454 817 3496 eo
843 3454 982 3506 munere,

487 3548 511 3596 B

179 3642 209 3701 c(
