2258 3916
156 194 196 290 48'
504 224 681 285 snmus.

156 409 278 470 temur3
302 412 452 466 neceam,
467 399 505 454 ut
527 390 652 474 quidam
673 389 766 465 docti,
783 390 947 456 verborum
961 391 1092 482 magni-

155 493 281 560 ficentid
294 491 459 556 metiamur
467 514 476 567 3
493 491 637 574 virosque
656 492 753 554 bonos
768 512 829 566 eos,
846 492 901 575 qui
916 492 1090 574 habentur,

155 615 364 669 numeremus,
401 590 539 667 Paullus,
571 590 716 665 Catones,
752 588 868 668 Gallos,
909 591 1087 678 Scipiones,

155 693 280 758 Philos:
303 691 351 757 his
373 691 544 756 communis
563 691 629 756 vita
650 700 797 755 contenta
814 702 877 756 est:
902 715 953 758 eos
972 706 1086 762 autem

155 794 342 869 omittamus,
359 792 413 876 qui
428 791 552 855 omnino
566 812 720 874 nusquam
735 791 939 875 reperiuntur.
986 793 1086 862 Tales

153 896 250 982 igitur
264 895 347 959 inter
361 895 444 960 viros
454 892 589 957 amicitia
600 901 703 956 tantas
715 893 962 976 opportunitates
972 894 1083 974 habet,

153 1005 285 1079 quantas
306 995 361 1059 vix
386 1015 467 1076 queo
489 992 599 1057 dicere.
645 996 696 1056 22.
714 991 882 1079 Principio,
909 1001 962 1080 qut
982 1007 1086 1080 potest

153 1119 213 1158 esse
237 1100 299 1158 cita
325 1097 436 1171 vitalis,
465 1104 503 1159 ut
528 1093 573 1158 ait
596 1092 729 1171 Ennius,
754 1116 824 1177 quae
848 1095 964 1159 nonin
985 1097 1082 1164 amici

151 1200 261 1259 mutul
295 1194 511 1258 benevolentia
546 1193 767 1276 conquiescat?
823 1193 909 1275 Quid
941 1192 1079 1274 dulcius,

153 1296 246 1379 quam
275 1295 397 1372 habere,
424 1295 551 1379 quicum
577 1293 678 1358 omnia
704 1293 816 1359 audeas
838 1294 882 1359 sic
911 1294 1010 1379 loqui,
1040 1309 1081 1365 ut

151 1396 279 1458 tecum?
311 1394 391 1475 Quis
408 1404 486 1459 esset
502 1404 608 1458 tantus
623 1393 744 1458 fructus
758 1393 791 1457 in
806 1397 958 1481 prosperis
971 1400 1079 1476 rebus,

150 1493 211 1556 nisi
230 1493 366 1569 haberes,
392 1493 446 1577 qui
470 1493 531 1557 illis
557 1493 654 1575 aeque,
681 1502 777 1558 actu
802 1494 877 1578 ipse,
903 1494 1079 1580 gauderet?

152 1591 308 1656 Adversas
331 1593 405 1657 vero
428 1592 508 1657 ferre
531 1592 655 1656 difficile
673 1601 753 1657 esset
774 1592 840 1656 sine
865 1615 911 1670 eo,
930 1595 987 1679 qui
1009 1596 1080 1665 illas

151 1691 276 1777 gravids
291 1692 394 1767 etiam,
411 1694 503 1776 quam
517 1701 564 1767 tu,
579 1692 682 1757 ferret.
727 1692 874 1778 Denique
891 1705 1002 1761 ceterae
1017 1721 1078 1776 res,

151 1814 220 1875 quae
242 1802 440 1877 expetuntur,
461 1802 645 1878 opportunae
666 1794 883 1881 suntsingulae
903 1798 1079 1864 rebustus

149 1892 279 1977 singulis
288 1915 297 1968 3
320 1892 446 1968 divitiae,
461 1902 498 1956 ut
513 1903 602 1957 utare
611 1916 620 1968 ;
644 1915 726 1978 opes,
742 1904 779 1957 ut
793 1895 910 1970 colare3
931 1896 1077 1975 honores,

148 2001 185 2055 ut
214 1992 357 2068 laudere3
384 1994 569 2078 voluptates,
595 2001 633 2056 ut
657 1994 810 2077 gaudeas3
843 1994 999 2073 valetud0,
1039 2011 1078 2062 ut

148 2093 252 2159 dolore
275 2117 386 2171 careas,
411 2104 444 2159 et
464 2094 645 2158 muneribus
668 2095 798 2181 fungare
817 2097 969 2183 corporis5
996 2099 1077 2163 ami-

147 2193 220 2258 citia
234 2217 282 2259 res
296 2195 443 2279 plurimas
452 2195 607 2260 continete
625 2195 751 2278 quoquo
766 2207 797 2260 te
808 2196 947 2272 verteris,
960 2199 1076 2281 praestd

147 2301 212 2355 est:
238 2293 323 2356 nullo
346 2293 413 2357 loco
436 2292 630 2368 excluditur;
655 2315 817 2376 nunquam
841 2295 1074 2378 intempestiva,

146 2412 306 2474 nunquam
321 2391 450 2454 molesta
460 2401 515 2456 est.
550 2391 664 2474 Itaque
679 2415 741 2455 non
757 2394 846 2475 aqud,
862 2415 925 2456 non
939 2393 1018 2479 igni,
1036 2407 1075 2462 ut

145 2491 244 2565 aiunt,
260 2490 401 2575 pluribus
414 2491 489 2556 locis
509 2492 637 2568 utimur,
653 2495 747 2576 quam
765 2493 1073 2582 amicitia-Neque

145 2612 204 2675 ego
228 2613 312 2654 nune
336 2591 374 2654 de
394 2591 525 2677 vulgari,
550 2601 606 2657 aut
626 2593 666 2658 de
689 2593 843 2670 mediocri,
868 2614 938 2677 quae
963 2604 1073 2664 tamen

144 2690 210 2774 ipsa
231 2700 264 2754 et
286 2690 419 2755 delectat
445 2701 477 2755 et
502 2692 636 2776 prodest,
657 2694 710 2756 sed
729 2693 767 2757 de
783 2695 855 2758 vera
877 2703 909 2757 et
932 2695 1073 2778 perfecta

143 2790 263 2875 loquor,
280 2791 379 2874 qualis
402 2813 518 2867 eorum,
535 2792 590 2873 qui
611 2794 704 2877 pauci
725 2782 935 2871 nominantur,
952 2796 1071 2863 fuit.-

143 2892 226 2957 Nam
249 2903 281 2958 et
303 2893 450 2959 secundas
469 2915 517 2958 res
537 2894 758 2979 splendidiores
780 2896 854 2960 facit
868 2897 1016 2977 amicitia,
1037 2910 1070 2967 ct

141 2991 293 3071 adversas,
308 2993 444 3078 partiens
458 2993 759 3080 communicansque,
775 2995 913 3089 leviores.

183 3199 265 3267 VII.
279 3205 329 3264 23.
355 3198 524 3281 Quumque
535 3199 683 3283 plurimas
694 3210 726 3264 et
738 3199 886 3277 maximas
898 3203 1067 3269 commodi·

139 3309 220 3366 tates
244 3298 379 3364 amicitia
402 3299 567 3373 contineat,
596 3309 663 3362 tum
689 3297 742 3361 illl
762 3299 909 3363 nimirum
938 3311 1067 3385 prestat

139 3399 291 3473 omnibus,
318 3396 402 3480 qudd
423 3396 535 3460 bonam
557 3419 642 3481 spem
668 3397 814 3480 praelucet
835 3399 869 3463 in
894 3410 1064 3486 posterum,

62 3548 65 3555 .
137 3517 197 3565 noc
224 3495 377 3563 debilitari
399 3495 516 3560 animos
545 3506 601 3561 aut
630 3495 738 3561 cadere
767 3499 893 3582 patitur.
940 3500 1065 3569 verum
