2264 3914
466 200 556 266 CAP.
577 199 699 261 xvm
1010 204 1050 262 29

125 368 227 435 lucum
241 367 270 434 ei
284 368 302 433 d
317 367 380 432 suis
395 367 514 433 civibus
528 390 682 451 nusquam
693 366 817 432 datum:
833 386 931 450 quum
944 373 1049 430 autem

125 471 164 533 ad
180 468 429 534 Lacedaemonios
440 468 625 544 accessisset,
637 467 702 550 qui,
713 465 810 551 legati
825 487 923 548 quum
936 476 1048 543 essent,

125 581 210 635 certo
235 569 269 634 in
291 569 359 634 loco
383 568 594 643 consederant,
621 565 846 631 consurrexisse
875 587 989 641 omnes,
1017 576 1049 630 et

125 692 231 734 senem
244 669 333 733 illum
356 690 471 732 sessum
492 667 651 751 recepisse.
697 669 746 730 64.
768 663 890 746 Quibus
912 686 1008 749 quum
1030 665 1049 729 d

126 781 238 833 cuncto
253 789 396 832 consessu
411 766 537 852 plausus
551 778 631 831 esset
645 765 809 849 multiplex
824 765 925 847 datus,
937 764 1048 829 dixisse

125 890 164 932 ex
179 868 217 931 iis
232 867 397 950 quendam,
414 864 623 930 Athenienses
644 865 721 930 scire
744 887 813 949 quae
832 876 919 931 recta
935 878 1049 944 essent,

125 965 179 1030 sed
194 965 294 1029 facere
308 964 399 1028 nolle.
445 963 551 1028 Multa
569 964 603 1027 in
617 973 723 1029 nostro
743 964 872 1048 collegio
885 965 1048 1050 praeclarar

126 1063 179 1128 sed
198 1062 266 1138 hoc,
289 1063 404 1145 dequo
424 1062 553 1148 agimus,
569 1063 602 1126 in
617 1062 733 1148 primis,
753 1063 847 1146 quod,
863 1076 901 1128 ut
915 1064 1052 1148 quisque

125 1172 217 1227 aetate
245 1161 410 1238 antecedit,
440 1162 486 1226 ita
514 1161 675 1227 sententiae
704 1162 911 1247 principatum
940 1172 1046 1228 tenet:

125 1285 228 1347 neque
252 1262 352 1327 solum
377 1262 493 1328 honore
518 1263 782 1339 antecedentibus,
808 1264 860 1328 sed
882 1263 919 1328 iis
944 1263 1047 1340 etiam,

125 1365 180 1447 qui
202 1386 273 1429 cum
292 1363 420 1448 imperio
445 1373 528 1441 sunt,
554 1365 684 1449 majores
702 1375 781 1429 natu
805 1388 938 1451 augures
960 1375 1048 1430 ante-

125 1475 291 1552 ponuntur.
337 1464 418 1547 Quae
433 1478 507 1530 sunt
528 1465 625 1552 igitur
639 1465 814 1551 voluptates
829 1465 962 1552 corporis
977 1488 1048 1530 cum

124 1565 317 1630 auctoritatis
331 1564 462 1650 praemiis
474 1565 708 1650 comparandae?
738 1563 862 1645 Quibus
877 1564 932 1648 qui
946 1565 1048 1650 splen-

124 1666 195 1730 dide
216 1665 265 1729 usi
285 1674 367 1741 sunt,
386 1664 409 1728 ii
431 1664 507 1728 mihi
529 1665 674 1729 videntur
688 1663 825 1728 fabulam
847 1664 946 1728 aetatis
960 1688 1047 1750 pere·

124 1764 214 1849 gisse,
226 1785 292 1839 nec,
304 1774 464 1847 tamquam
477 1763 673 1829 inexercitati
682 1763 855 1842 histriones,
865 1763 898 1827 in
909 1775 1048 1829 extremo

125 1875 197 1928 actu
211 1864 369 1929 corruisse

96 1967 121 2039 tl
169 1967 218 2027 65.
236 1963 285 2027 At
303 1971 377 2027 sunt
392 1962 515 2039 morosi,
538 1974 571 2028 et
584 1962 678 2039 anxii,
695 1972 727 2028 et
745 1963 894 2040 iracundi,
915 1973 947 2028 et
968 1963 1048 2027 diffi-

125 2063 199 2128 ciles
228 2085 334 2137 senes3
364 2062 391 2125 si
416 2063 590 2145 quaerimus,
621 2063 713 2127 etiam
742 2063 834 2126 avari.
893 2062 955 2128 Sed
983 2063 1048 2137 haec

125 2183 247 2226 morum
276 2159 353 2226 vitia
381 2171 465 2236 sunt,
494 2183 557 2223 uon
586 2159 761 2225 senectutis
809 2160 860 2227 Ac
876 2163 1048 2228 'morositas

125 2273 230 2327 tamen
252 2270 285 2327 et
306 2284 343 2325 ea
356 2260 443 2338 vitia,
462 2283 531 2344 quae
551 2262 626 2336 dixi,
646 2262 761 2326 habent
782 2261 900 2345 aliquid
921 2285 1048 2328 excusa·

124 2360 228 2438 tionis,
244 2383 306 2425 non
320 2360 403 2424 illius
417 2359 543 2444 quidem
553 2361 656 2446 justae,
672 2362 725 2425 sed
740 2384 809 2444 quse
824 2362 945 2446 probari
960 2385 1047 2447 posse

124 2462 283 2526 videatur:
299 2460 457 2525 contemni
482 2483 514 2525 se
532 2471 656 2546 putant,
675 2461 799 2546 despici,
820 2460 917 2527 illudt
963 2462 1049 2526 Prae·

124 2563 211 2626 terea
234 2561 268 2625 in
294 2561 397 2646 fragili
425 2583 551 2645 corpore
581 2562 684 2626 odiosa
706 2562 806 2626 omnis
834 2562 961 2627 offensio
990 2575 1046 2628 est.

126 2661 206 2742 Quae
235 2670 339 2724 tamen
359 2659 462 2724 omnia
487 2661 624 2725 dulciora
646 2672 719 2727 sunt
740 2672 773 2726 et
794 2662 931 2726 moribus
961 2663 1049 2726 bonis

125 2771 158 2825 et
172 2760 308 2835 artibus3
332 2759 427 2842 idque
441 2769 510 2823 tum
529 2760 561 2822 in
576 2759 652 2836 vitis,
674 2768 743 2824 tum
758 2761 791 2823 in
803 2762 896 2824 scenis
915 2760 1049 2847 intelligi

125 2871 228 2943 potest
242 2882 282 2933 ex
296 2859 335 2924 iis
349 2858 507 2935 fratribus,
523 2859 578 2942 qui
589 2859 623 2923 in
633 2861 778 2944 Adelphis
793 2869 874 2925 sunt
922 2860 1049 2942 Quanta

125 2959 159 3022 in
174 2959 269 3024 altero
280 2959 408 3034 duritas,
423 2960 456 3022 in
468 2959 565 3023 altero
576 2959 723 3024 comitasl
761 2960 813 3025 Sic
827 2983 859 3024 se
873 2983 922 3025 res
936 2961 1046 3026 habet:

126 3068 164 3122 ut
178 3059 260 3122 enim
271 3081 338 3122 non
355 3080 445 3123 omne
460 3058 577 3135 vinum,
593 3059 637 3123 sic
655 3081 719 3124 non
733 3060 832 3125 omnis
846 3071 929 3137 aetas,
944 3074 1048 3126 vetus·

127 3165 193 3221 tate
214 3157 372 3221 coacescit.
420 3155 626 3223 Severitatem
647 3158 680 3222 in
694 3172 854 3224 senectute
873 3161 978 3244 probo,
998 3160 1051 3223 sed

127 3275 205 3330 eam,
231 3252 312 3318 sicut
331 3253 400 3330 alia,
423 3255 592 3331 modicam3
619 3257 818 3322 acerbitatem
842 3256 1049 3348 nullomodo.

127 3351 272 3420 Avaritia
295 3352 368 3420 verb
389 3354 493 3420 senilis
519 3353 595 3439 quid
620 3353 678 3420 sibi
701 3355 786 3434 velit,
812 3377 875 3421 non
901 3352 1049 3441 intelligo.

555 3466 570 3504 c
587 3458 603 3505 s
