2264 3914
157 232 176 288 2
473 227 585 290 erro
611 189 764 290 unior.

157 416 221 478 quo
245 403 378 478 uterque
402 394 544 461 nostrum
568 395 773 460 communiter
797 403 946 459 uteretur.
995 393 1081 460 Mihi

158 495 284 580 quidem
302 496 348 559 ita
357 496 496 581 jucunda
512 496 605 580 hujus
618 496 691 560 libri
706 496 858 562 confectio
872 495 942 572 fuit,
958 505 995 560 ut
1014 517 1082 561 non

156 598 248 663 modd
281 621 386 664 omnes
420 598 599 664 absterserit
628 599 798 664 senectutis
827 597 993 674 molestias,
1023 598 1082 662 sed

128 695 130 700 ’
156 699 294 766 effecerit
325 699 449 767 mollem
482 701 576 765 etiam
611 711 644 765 et
673 701 844 784 jucundam
873 709 1079 765 senectutem.

157 801 328 885 Nunquam
351 799 451 888 igitur
475 801 550 867 satis
574 802 692 867 laudari
718 801 812 889 digne
836 801 953 887 poterit
977 800 1082 885 philo-

156 904 270 990 sopbia.
316 902 378 970 Oui
402 904 456 988 qui
481 915 597 990 pareat,
621 928 711 971 omne
736 916 861 989 tempus
886 905 986 968 aetatis
1010 902 1081 968 sine

157 1004 296 1070 molestid
308 1005 404 1089 possit
418 1006 537 1092 degere.
584 1012 613 1071 3.
640 1005 702 1072 Sed
716 1006 755 1070 de
769 1005 879 1070 ceteris
894 1014 927 1069 et
941 1003 1080 1068 diximus

154 1105 263 1183 multa,
284 1115 317 1171 et
338 1107 417 1193 saepe
437 1108 595 1173 dicemus:
624 1107 708 1172 bunc
727 1107 843 1172 librum
864 1108 901 1168 de
923 1108 1081 1169 Senectute

154 1207 194 1272 ad
221 1218 255 1273 te
276 1208 423 1273 misimus.
470 1207 605 1274 Omnem
633 1219 738 1273 autem
763 1229 935 1272 sermonem
964 1206 1080 1270 tribui·

154 1316 223 1373 mus
241 1330 304 1373 non
325 1308 471 1385 Tithono,
491 1319 529 1373 ut
549 1309 658 1373 Aristo
679 1308 787 1385 Chius,
805 1329 846 1373 ne
864 1309 974 1392 pardm
994 1318 1081 1374 esset

154 1408 347 1474 auctoritatis
365 1410 399 1474 in
417 1409 542 1485 fabum
565 1409 619 1474 sed
638 1409 686 1474 M.
704 1408 818 1475 Catoni
837 1410 913 1485 seni,
928 1408 992 1493 qud
1011 1432 1081 1474 ma·

150 1511 250 1593 jorem
264 1510 480 1575 auctoritatem
497 1510 625 1576 haberet
644 1511 762 1576 oratio:
786 1511 870 1594 apud
884 1532 988 1592 quem,
1004 1508 1081 1573 Lae-

152 1612 230 1677 lium
249 1623 282 1678 et
304 1611 479 1698 Scipionem
498 1613 628 1678 facimus
647 1612 844 1689 admirantes,
861 1612 946 1696 qudd
965 1612 991 1676 is
1010 1622 1080 1678 tam

142 1712 243 1805 'facile
268 1725 460 1779 senectutem
484 1714 574 1789 ferat,
600 1713 700 1796 iisque
725 1734 798 1778 eum
825 1712 1077 1797 respondentem.

154 1812 220 1894 Qui
239 1813 266 1878 si
279 1814 431 1879 eruditius
445 1813 602 1879 videbitur
616 1813 784 1898 disputare,
801 1815 895 1897 qudm
915 1815 1080 1880 consuevit

152 1916 217 2001 ipse
236 1915 270 1980 in
289 1915 352 1981 euis
373 1916 469 1992 libris,
491 1915 654 1981 attribuito
676 1915 793 1982 Graecis
812 1915 921 1992 literis,
942 1938 1080 1998 quarum

152 2027 273 2082 constat
288 2040 359 2084 eum
378 2016 607 2103 perstudiosum
626 2017 721 2082 fuisse
741 2016 775 2080 in
795 2026 964 2082 senectute.
1012 2015 1080 2085 Sed

152 2118 227 2202 quid
256 2142 333 2204 opus
361 2130 410 2185 est
437 2118 553 2204 plura?
596 2118 672 2184 Jcm
705 2118 789 2182 enim
818 2117 915 2202 ipsius
945 2116 1080 2185 Catonis
1106 2098 1113 2125 ⁶

152 2243 251 2285 sermo
270 2219 436 2306 explicabit
458 2229 594 2284 nostram
617 2241 739 2284 omnem
761 2219 799 2284 de
822 2227 983 2284 senectute
1005 2241 1079 2285 sen·

151 2321 289 2386 tentiam.

195 2523 241 2589 II.
257 2530 287 2588 4.
315 2524 447 2591 SCIPIO.
495 2523 713 2610 Saepenumerb
731 2523 874 2589 admirari
897 2523 1080 2595 saleccum

151 2627 210 2692 hoc
235 2625 272 2693 O.
298 2627 398 2693 Laelio
422 2639 490 2692 tum
517 2637 690 2692 ceterarum
720 2649 825 2691 rerum
853 2637 942 2692 tuam
972 2629 1081 2694 excel-

151 2729 276 2805 lentem,
293 2729 339 2793 M.
358 2727 448 2808 cato,
464 2729 698 2814 perfectamque
714 2729 910 2814 sapientiam,
927 2739 1008 2805 tum,
1024 2734 1083 2801 vel

150 2831 293 2906 maxima
324 2831 408 2915 qudd
436 2853 597 2916 nunquam
631 2841 823 2896 senectutem
858 2830 917 2896 tibi
945 2853 1083 2915 gravem

151 2956 215 2998 esse
237 2933 400 2998 senserimz
425 2956 494 3017 quae
512 2933 669 3018 plerisque
690 2933 816 2998 senibus
831 2932 875 2998 sic
889 2932 995 2998 odiosa
1016 2949 1082 3019 est,

150 3046 187 3100 ut
201 3058 279 3100 onus
293 3057 325 3099 se
339 3033 442 3100 AEtnb
456 3035 581 3120 gravius
596 3035 701 3100 dicant
716 3035 877 3099 sustinere.

194 3136 299 3203 Care.
345 3136 426 3201 Rem
441 3137 524 3201 haud
538 3137 612 3202 send
627 3136 794 3213 difficilem,
813 3132 918 3221 Scipio
933 3146 966 3201 et
980 3134 1080 3220 Laeli,
1120 3130 1126 3173 ‘¹

149 3239 293 3305 admirari
317 3237 484 3304 videmini:
519 3239 634 3322 quibus
661 3238 743 3303 enim
768 3238 848 3301 nihil
876 3238 943 3323 opis
967 3242 1083 3313 estin

149 3343 223 3430 ipsis
237 3342 276 3406 ad
289 3341 368 3406 bend
382 3340 533 3424 beateque
548 3339 726 3416 vivendum,
739 3339 777 3404 iis
792 3340 891 3404 omnis
905 3340 1010 3426 gravis
1026 3340 1083 3419 est

149 3455 240 3508 aetas:
269 3442 324 3526 qui
348 3452 452 3508 autem
475 3442 578 3506 omnia
602 3441 685 3506 bona
708 3442 727 3504 d
753 3441 860 3526 seipsis
885 3453 1011 3528 petunt,
1027 3432 1101 3519 Ιἰὶἷι.

149 3545 227 3609 nihil
248 3552 352 3630 potest
377 3543 492 3609 malum
516 3542 623 3620 videri,
649 3542 735 3626 quod
759 3552 877 3606 naturae
904 3530 1118 3647 necessitas}
