2258 3916
132 219 171 287 88
508 219 679 281 LAELIUS.

133 387 262 471 aliquid,
292 397 347 453 aut
377 386 472 452 etiam
501 389 713 472 exprobrant3
753 386 852 470 edque
889 385 999 472 magis,
1038 386 1068 452 si

133 488 247 552 habere
273 510 306 553 se
335 498 459 572 putant,
487 488 572 571 quod
596 487 731 551 officiose
755 499 787 551 et
810 486 908 551 amice
932 501 963 551 et
991 509 1068 551 curn

132 587 237 652 labore
263 588 367 671 aliquo
387 609 443 651 suo
465 588 584 651 factum
608 600 724 671 queant
751 586 861 651 dicere.
909 585 1068 652 Odiosum

132 689 207 752 sane
235 710 334 774 genus
364 686 525 752 hominum
550 688 651 752 officia
680 686 956 773 exprobrantium:
991 709 1068 770 quae

132 788 309 854 meminisse
324 788 418 853 debet
432 787 468 864 ie,
484 789 518 851 in
534 810 628 872 quem
651 788 764 852 collata
785 798 871 867 sunt,
894 809 956 851 non
978 808 1066 851 com·

132 911 313 964 memorare,
330 888 386 972 qui
405 888 549 953 contulit.
596 892 646 954 72.
673 887 885 970 Quamobrem
903 896 941 952 ut
956 887 988 963 ii,
1006 887 1066 970 qui

132 990 305 1075 superiores
320 998 404 1064 sunt,
425 990 620 1053 summittere
644 1012 677 1053 ee
702 989 818 1054 debent
844 989 877 1052 in
903 988 1063 1062 amicitiai3

132 1091 177 1155 sic
202 1090 337 1174 quodam
362 1090 453 1154 modo
477 1089 638 1154 inferiores
663 1090 822 1154 extollere.
869 1089 952 1156 Sunt
976 1090 1075 1153 enim>

132 1191 270 1274 quidam,
289 1190 345 1274 qui
367 1191 512 1254 molestas
528 1190 678 1254 amicitias
692 1190 823 1266 faciunt,
838 1213 937 1274 quum
951 1189 1013 1274 ipsi
1027 1213 1063 1254 se

131 1291 290 1356 contemni
311 1288 571 1374 putant—quod
590 1312 651 1354 non
675 1288 740 1353 fere
761 1290 917 1375 contingit
932 1289 993 1352 nisi
1009 1290 1060 1365 iis,

132 1391 189 1473 qui
215 1389 309 1454 etiam
335 1387 577 1452 contemnendos
606 1410 638 1451 se
667 1386 979 1471 arbitrantur-qui
1002 1388 1062 1452 haic

131 1491 275 1575 opinione
300 1512 363 1555 non
383 1487 476 1553 modo
496 1489 599 1554 verbis
619 1489 674 1553 sed
698 1489 794 1554 etiam
817 1511 909 1574 opere
934 1489 1061 1553 levandi

132 1602 215 1655 sunt.
261 1591 312 1656 73.
337 1589 476 1653 Tantum
497 1600 602 1653 autem
621 1589 735 1672 cuique
759 1589 967 1667 tribuendum,
995 1591 1062 1674 pri-

131 1693 230 1768 mrlm,
256 1699 411 1774 quantum
437 1688 503 1774 ipse
529 1688 650 1754 efficere
676 1692 791 1775 possis3
815 1692 927 1756 deinde
953 1692 1061 1768 etiam,

132 1802 286 1876 quantum
301 1790 364 1867 ille,
379 1812 471 1873 quem
487 1790 598 1874 diligas
617 1803 713 1874 atque
735 1792 873 1876 adjuves,
894 1793 1058 1857 sustinere.

133 1892 208 1957 Non
228 1891 309 1956 enim
328 1902 365 1955 tu
387 1890 495 1975 possis,
516 1890 659 1973 quamvis
681 1891 754 1956 licet
781 1892 922 1967 excellas,
950 1914 1061 1956 omnes

131 2004 203 2058 tuos
225 1991 265 2056 ad
287 1990 418 2056 honores
442 1990 645 2075 amplissimos
668 1991 857 2076 perducere3
889 2003 926 2056 ut
955 1991 1061 2077 Scipio

133 2092 171 2158 P.
188 2092 348 2157 Rutilium
369 2091 474 2177 potuit
497 2091 657 2156 consulem
681 2091 810 2166 efficere,
836 2091 966 2156 fratrem
992 2094 1061 2176 ejus

132 2193 269 2259 Lucium
294 2215 357 2257 non
382 2192 496 2278 potuit.
544 2190 666 2273 Quddsi
691 2193 785 2256 etiam
811 2193 909 2278 possis
933 2193 1061 2277 quidvis

132 2293 251 2360 deferre
275 2292 315 2356 ad
339 2295 482 2372 alterum,
509 2293 679 2359 videndum
705 2303 881 2359 esttamen
903 2293 981 2378 quid
1004 2295 1060 2359 illc

131 2394 228 2479 possit
243 2393 404 2459 sustinere.
452 2395 502 2459 74.
528 2391 666 2459 Omnino
681 2381 836 2470 amicitiae,
853 2394 1061 2460 corroboratis

127 2494 195 2578 jam
223 2491 475 2575 confirmatisque
505 2503 538 2557 et
564 2491 698 2576 ingeniis
728 2505 759 2557 et
790 2493 945 2569 aetatibus,
972 2493 1063 2574 judi·

132 2592 238 2658 candae
264 2601 356 2667 sunt3
390 2615 457 2669 nec,
481 2593 563 2676 siqui
585 2593 715 2658 ineunte
736 2604 827 2659 aetate
850 2594 982 2659 venandi
1004 2607 1061 2661 aut

131 2694 202 2782 pilae
217 2691 347 2757 studiosi
361 2693 488 2770 fuerint,
512 2716 564 2758 eos
585 2693 698 2759 habere
715 2695 902 2760 necessarios
923 2708 1059 2782 oportet,

132 2817 211 2879 quos
233 2803 303 2858 tum
328 2793 436 2858 eodem
461 2793 565 2858 studio
588 2794 733 2877 praeditos
756 2795 985 2859 dilexerunt—
998 2794 1060 2861 isto

132 2893 216 2956 euim
245 2892 337 2957 modo
366 2893 505 2957 nutrices
535 2904 567 2957 et
596 2892 758 2979 paedagogi
789 2895 862 2978 jure
893 2897 1061 2960 vetustatis

132 2984 301 3078 plurimum
315 2993 540 3058 benevolentiae
554 2994 868 3078 postulabunt—qui
879 2995 1062 3080 negligendi

132 3092 260 3177 quidem
282 3116 346 3158 non
371 3105 455 3170 sunt,
486 3094 540 3159 sed
570 3095 631 3159 alio
661 3095 797 3178 quodam
827 3097 935 3160 modo:
969 3095 1062 3162 aliter

133 3192 277 3259 amicitiae
292 3193 419 3259 stabiles
438 3217 619 3279 permanere
639 3218 702 3261 non
724 3206 864 3281 possunt.
910 3195 1062 3282 Dispares

132 3294 216 3360 enim
250 3317 351 3360 mores
386 3295 520 3381 disparia
556 3297 661 3362 studia
697 3309 882 3379 sequuntur,
925 3319 1063 3380 quorum

131 3391 349 3460 dissimilitudo
364 3394 510 3461 dissociat
524 3395 688 3460 amicitias:
705 3417 764 3460 nec
778 3395 818 3459 ob
833 3395 924 3458 aliam
936 3417 1062 3461 causam

61 3542 69 3577 p
131 3489 228 3558 ullam
246 3495 321 3562 boni
342 3494 503 3582 improbis,
525 3495 658 3581 improbi
684 3493 773 3561 bonis
794 3495 885 3562 amici
908 3517 973 3562 esse
997 3519 1066 3562 non
