2258 3916
125 200 158 256 16
444 194 556 256 CATO
578 196 727 256 MAJOR.

121 371 195 426 sunt
209 361 275 426 sine
289 361 407 426 viribus
427 361 581 426 sustineri.
627 362 741 446 Itaque
762 382 826 426 non
847 359 949 437 modd,
965 359 1057 445 quod

120 485 183 527 non
206 486 379 549 possumus,
400 463 454 528 sed
479 486 520 529 ne
545 474 699 547 quantum
724 485 887 549 possumus
912 461 1055 546 quidem,

120 565 270 650 cogimur.
316 571 368 630 35.
392 565 442 631 At
464 565 556 630 multi
577 567 622 631 ita
644 577 718 631 sunt
739 564 885 630 imbecilli
900 587 999 641 senes,
1016 575 1058 632 ut

121 668 242 733 nullum
257 668 350 733 officii
365 679 420 734 aut
433 670 641 735 omninovitae
655 691 769 733 munus
783 667 911 751 exsequi
921 668 1054 752 possint.

122 772 170 835 At
197 770 229 834 id
255 771 381 855 quidem
405 793 468 836 non
491 771 649 857 proprium
672 769 840 836 senectutis
864 778 912 833 est
926 767 1055 845 vitium,

122 873 175 938 sed
197 895 359 938 commune
375 874 570 940 valetudinis.
618 873 723 955 Quam
738 872 800 938 fuit
821 870 995 936 imbecillus
1012 870 1055 936 P.

122 1073 208 1138 nullis
223 1075 327 1159 potius
341 1075 527 1141 valetudine.
565 1075 659 1157 Quod
673 1074 706 1138 ni
722 1073 767 1139 ita
781 1073 900 1149 fuisset,
915 1071 1058 1136 alterum

120 1173 199 1238 illud
221 1175 326 1240 lumen
349 1177 520 1243 exstitisset
544 1177 696 1242 civitatis:
721 1176 760 1240 ad
782 1184 944 1260 paternam
967 1174 1058 1239 enim

121 1278 367 1363 magnitudinem
403 1278 499 1342 animi
535 1278 675 1343 doctrina
710 1279 834 1342 uberior
870 1286 1054 1341 accesserat.

123 1378 210 1460 Quid
232 1380 345 1442 mirum
368 1380 465 1466 igitur
490 1381 523 1444 in
546 1379 681 1457 senibus,
704 1377 730 1442 si
753 1377 867 1442 infirmi
894 1387 968 1441 sunt
995 1377 1056 1442 ali-

122 1481 258 1565 quando,
284 1504 382 1564 quum
408 1482 441 1546 id
465 1504 505 1547 ne
531 1482 740 1547 adolescentes
762 1479 890 1566 quidem
912 1479 1057 1565 effugere

121 1583 266 1667 possint?
299 1583 531 1661 Resistendum,
548 1583 627 1648 Laeli
642 1594 675 1649 et
692 1583 807 1668 Scipio,
824 1582 976 1648 senectuti
992 1593 1055 1660 est,

121 1685 251 1769 ejusque
276 1685 353 1751 vitia
380 1686 542 1773 diligentiis
570 1684 795 1770 compensanda
824 1695 907 1748 sunt.
961 1682 1057 1770 Pug-

120 1789 268 1866 nandum,
284 1799 443 1874 tamquam
461 1801 569 1855 contra
583 1791 736 1866 morbum,
752 1788 796 1853 sic
815 1798 923 1853 contra
945 1809 1056 1854 senec-

122 1903 233 1958 tutem.
288 1897 338 1958 36.
374 1894 529 1959 Habenda
551 1893 631 1957 ratio
660 1891 864 1967 valetudinis3
896 1890 1056 1956 utendum

120 1995 394 2061 exercitationibus
409 1997 554 2072 modicis3
578 2005 701 2061 tantum
716 1995 779 2060 cibi
794 2005 826 2060 et
840 1993 972 2080 potionis
994 1995 1055 2058 ad-

120 2097 299 2176 hibendum,
311 2109 348 2164 ut
361 2098 541 2166 reficiantur
549 2099 641 2174 vires,
653 2121 716 2163 non
729 2097 950 2182 opprimantur.
980 2095 1056 2163 Nec

119 2200 194 2265 verb
209 2202 328 2286 corpori
347 2199 404 2264 soli
426 2200 672 2267 subveniendum
687 2210 744 2276 est,
761 2197 815 2264 sed
834 2198 932 2263 menti
953 2207 1055 2281 atque

120 2299 223 2362 animo
247 2298 345 2363 multo
369 2299 475 2383 magis.
522 2301 607 2365 Nam
632 2301 697 2364 haec
722 2321 857 2382 quoque,
885 2296 944 2361 nisi
969 2307 1055 2361 tam-

121 2423 216 2484 quam
225 2399 336 2464 lumini
350 2400 452 2465 oleum
467 2402 607 2479 instilles‚
618 2402 863 2488 exstinguuntur
877 2411 1053 2465 senectute.

109 2502 166 2567 ,Ea
197 2523 325 2586 corpora
353 2503 479 2587 quidem
508 2505 729 2592 defatigatione
762 2515 795 2570 et
825 2501 1055 2569 exercitatione

119 2604 350 2689 ingravescunt,
384 2607 479 2672 animi
514 2622 621 2674 autem
658 2607 857 2675 exercitando
894 2606 1053 2672 levantur.

120 2705 215 2782 Nam,
233 2728 311 2789 quos
335 2707 379 2772 ait
402 2707 725 2775 Caecilius—comicos
748 2712 855 2774 stultos
880 2731 970 2784 senes,
993 2706 1056 2774 bos

120 2808 272 2899 significat
298 2808 448 2886 credulos,
475 2810 649 2888 obliviosos,
670 2811 855 2877 dissolutosr
883 2832 952 2894 quae
973 2808 1056 2875 vitia

119 2922 193 2974 sunt
208 2933 270 2973 non
288 2911 467 2988 senectutis,
483 2914 537 2979 sed
559 2912 677 2990 inertis,
691 2913 822 2999 ignavae,
838 2909 1055 2977 somniculosae

119 3012 296 3077 senectutis.
343 3013 392 3078 Ut
414 3014 597 3099 petulantia,
613 3026 650 3079 ut
671 3014 778 3092 libido,
793 3012 892 3098 magis
914 3021 962 3077 est
976 3010 1056 3077 ado·

118 3114 310 3192 lescentium‚
338 3117 432 3199 quam
454 3138 584 3192 senum;
607 3138 666 3181 nec
687 3127 792 3181 tamen
814 3114 954 3180 omnium
975 3113 1055 3179 ado-

119 3215 311 3294 lescentium,
329 3218 383 3282 sed
405 3239 467 3282 nou
488 3205 676 3304 proborum3
700 3220 744 3284 sic
766 3220 825 3283 ista
847 3218 951 3284 senilis
972 3218 1055 3281 stul-

118 3319 314 3405 titia—quae
340 3322 478 3384 deliratio
504 3321 652 3406 appellari
672 3322 913 3387 solet-senum
933 3321 1054 3386 levium

120 3430 177 3497 est,
189 3444 251 3487 nou
266 3422 413 3487 omnium.
460 3426 511 3488 37.
538 3423 683 3506 Quatuor
698 3424 839 3489 robustos
854 3424 943 3498 filios,
957 3423 1055 3506 quin·

120 3544 182 3608 que
205 3524 292 3602 filias,
308 3534 430 3590 tantam
453 3525 591 3604 domum,
609 3537 713 3592 tantas
737 3527 905 3603 clientelae,
924 3527 1054 3612 Appius

87 3670 90 3675 -
117 3629 247 3712 regebat
261 3639 293 3695 et
307 3651 412 3708 senex,
424 3640 457 3696 et
471 3651 577 3698 caecus
624 3630 789 3698 Intentum
803 3633 885 3698 euim
900 3631 1053 3710 animum,
