2264 3914
87 217 125 276 82
186 271 190 279 ,
410 211 522 274 CATO
541 213 694 274 MAJOR.

86 379 167 444 turi..
213 377 328 462 Itaque
356 377 563 444 adolescentes
588 380 666 443 mori
691 378 735 444 sic
757 378 832 443 mihi
856 379 1014 460 videntur,

86 489 123 544 ut
141 501 239 563 quum
260 501 348 562 aquae
368 479 569 543 multitudine
590 479 637 544 vis
656 480 786 543 flammae
807 482 1012 564 opprimitur3

86 600 174 642 senes
198 587 313 653 autem,
344 577 424 642 siout
454 579 510 642 sua
539 589 657 663 sponte,
687 579 774 642 nullia
802 579 940 644 adhibita
968 582 1011 658 vi,

86 689 267 743 consumtus
295 676 377 763 ignis
401 679 622 764 exstinguitur.
667 679 713 742 Et
739 679 827 762 quasi
854 701 945 762 poma
971 702 1013 747 ex

86 779 255 854 arboribus,
278 777 304 842 si
319 777 414 842 cruda
433 789 517 854 sunt,
540 778 572 842 vi
586 777 774 855 avelluntur,
796 778 822 842 si
836 789 958 844 matura
979 793 1013 846 et

86 888 183 954 cocta,
206 877 371 951 decidunt3
395 877 439 942 sio
452 877 551 942 vitam
572 877 817 942 adolescentibus
832 878 879 942 vis
896 879 1011 957 aufert,

85 979 209 1043 senibus
229 978 399 1042 maturitas.
447 977 527 1060 Quae
549 978 625 1042 mihi
640 979 766 1063 quidem
789 992 854 1042 tam
871 979 1013 1063 jucunda

85 1092 142 1156 est,
172 1090 218 1157 ut,
248 1079 312 1164 qub
340 1079 466 1166 propibs
506 1080 544 1144 ad
573 1091 706 1145 mortem
731 1075 886 1157 'accedam
920 1083 1012 1164 quasi

84 1194 200 1248 terram
227 1183 333 1248 videre
357 1183 473 1260 videar,
503 1182 733 1266 aliquandoque
761 1183 795 1246 in
823 1193 949 1267 portum
972 1207 1012 1251 ex

83 1282 178 1371 longa
191 1284 388 1370 navigatione
403 1306 469 1350 esse
483 1293 642 1349 venturus.

128 1485 212 1548 XX.
237 1487 288 1550 72.
313 1482 463 1550 Omnium
489 1493 616 1548 aetatum
637 1493 741 1549 certus
766 1493 814 1549 est
835 1483 1010 1551 terminusz

84 1584 255 1649 senectutis
266 1595 371 1648 autem
381 1584 486 1648 nullus
498 1595 602 1649 certus
613 1594 660 1649 est
671 1584 822 1650 terminus
831 1608 840 1660 ;
863 1585 1012 1670 recteque

83 1686 118 1750 in
143 1686 180 1750 ea
193 1684 320 1761 vivitur,
337 1685 439 1768 quoad
461 1707 575 1749 munus
601 1684 694 1749 officii
719 1685 848 1768 exsequi
873 1694 906 1750 et
925 1687 1013 1752 tueri

79 1786 191 1883 ωε,
207 1795 359 1850 ettamen
374 1794 505 1849 mortem
520 1795 727 1850 contemnere.
765 1785 817 1848 Ex
831 1808 895 1869 quo
908 1787 955 1863 fit,
972 1799 1013 1854 ut

83 1885 249 1950 animosior
273 1884 367 1950 etiam
392 1894 535 1949 senectus
560 1885 605 1967 sit
625 1886 719 1969 quam
742 1884 957 1966 adolescentia,
976 1897 1012 1953 et

82 1987 201 2053 fortior.
248 1985 321 2051 Hoc
346 1985 425 2049 illud
450 1995 507 2061 est,
532 1985 616 2068 quod
642 1984 807 2048 Pisistrato
829 1996 964 2070 tyranno
991 1989 1013 2052 d

85 2087 199 2155 Solone
214 2107 396 2172 responsum
411 2095 467 2161 est,
484 2107 581 2168 quum
601 2084 648 2148 illi
664 2085 825 2167 quaerenti,
849 2086 920 2173 Qud
939 2097 1012 2151 tca-

82 2192 148 2252 dem
170 2211 221 2271 spe
231 2190 347 2268 fretur,
364 2187 422 2248 sibi
444 2197 506 2247 tam
529 2187 687 2248 audaciter
707 2172 1012 2270 obsisteret,respon-

82 2289 163 2353 disse
174 2287 298 2361 dicitur,
315 2289 475 2349 Senectute.
503 2284 565 2351 Sed
576 2285 702 2349 vivendi
713 2285 784 2349 finis
799 2295 846 2349 est
860 2285 1010 2370 optimus,

82 2410 190 2471 quum,
206 2385 328 2471 integris
350 2395 453 2473 mente
477 2385 650 2468 ceterisque
675 2385 825 2460 sensibus,
842 2408 918 2470 opus
941 2385 1011 2469 ipsa

82 2508 175 2550 suum
189 2485 306 2560 eadem,
319 2483 391 2567 ‘quae'
406 2485 644 2568 coagmentavit,
660 2493 771 2548 natura
786 2484 933 2550 dissolvit.
958 2486 1012 2552 Ut

16 2650 18 2656 ,
81 2606 204 2659 navem,
230 2593 268 2646 ut
296 2581 468 2657 aedificium,
496 2582 579 2645 idem
608 2581 740 2646 destruit
769 2582 924 2659 facillime,
952 2586 1012 2667 qui

82 2682 278 2751 construxit=
302 2682 346 2746 sic
360 2682 516 2746 hominem
531 2682 638 2745 eadem
652 2681 779 2766 optime,
795 2705 865 2766 quae
880 2685 1012 2770 congla-

81 2783 206 2859 tinavit,
225 2790 338 2846 natura
363 2781 512 2846 dissolvit.
557 2780 634 2846 Jam
656 2781 756 2845 omnis
781 2783 1011 2868 conglutinatio

82 2905 190 2946 recens
213 2881 303 2966 aegre,
319 2881 495 2946 inveterata
508 2879 608 2955 facile,
625 2880 792 2946 divellitur.
838 2882 890 2946 Ita
908 2883 955 2959 fit,
971 2896 1012 2952 ut

79 2967 160 3045 illud
187 2985 281 3046 breve
308 2982 380 3047 vitae
408 2981 563 3064 reliquum
591 3003 650 3045 nec
680 2981 770 3046 avide
798 2983 1012 3068 appetendum

13 3069 16 3074 ’
83 3082 218 3158 senibus,
244 3105 303 3149 nec
331 3083 398 3147 sine
426 3082 518 3146 causa
546 3081 748 3146 deserendum
777 3083 834 3146 sit:
859 3093 1011 3168 vetatque

83 3180 290 3266 Pythagoras,
305 3181 425 3265 injussu
441 3179 650 3265 Imperatoris,
666 3181 698 3244 id
716 3191 773 3255 est,
790 3181 863 3260 Dei,
878 3184 917 3248 de
932 3207 1012 3268 pne·
1046 3226 1062 3253 ,ι

83 3281 161 3346 sidio
181 3291 214 3346 et
228 3282 361 3346 statione
375 3281 448 3346 vitae
466 3281 622 3347 decedere.
668 3283 718 3347 73.
745 3279 866 3346 Solonis
881 3284 1011 3366 quidem

8 3422 11 3428 ·
83 3380 230 3466 sapientis
260 3380 397 3464 elogium
427 3388 483 3456 est,
514 3403 577 3464 quo
614 3402 647 3444 se
682 3389 776 3464 negat
803 3382 884 3446 velle
920 3405 1011 3449 suam

83 3491 215 3547 mortem
229 3479 334 3547 dolore
359 3479 528 3546 amicorum
542 3490 575 3546 et
589 3480 733 3546 lamentis
755 3503 873 3548 vacare.
913 3482 1009 3563 Vult,
