2258 3916
99 233 135 287 lo
417 224 527 287 CATO
547 225 697 285 Maron„

99 391 151 456 Sic
167 391 249 457 enim
264 400 496 475 percontantur,
511 401 549 455 ut
563 400 610 454 est
624 391 658 453 in
675 387 703 454 N
708 388 777 454 avii
799 394 899 474 polita
919 389 1029 455 Ludo.

96 491 337 577 Respondentur
351 504 384 557 et
398 491 469 569 alia,
483 503 515 557 et
530 491 595 556 haec
608 491 642 554 in
656 491 781 576 primis:

153 635 374 697 Proveniebant
388 644 522 696 oratores
536 636 614 710 novi,
630 635 725 710 stulti,
741 614 965 697 adolescentuli.

100 788 271 854 Temeritas
300 799 347 856 est
372 788 517 855 videlicet
545 788 683 854 florentis
713 789 823 865 atatis,
853 788 1031 874 prudentia

96 892 291 957 senescentis.

139 1095 220 1161 VII.
244 1101 296 1161 21.
318 1095 367 1161 At
381 1094 528 1161 memoria
541 1095 702 1160 minuitur.
749 1093 862 1171 Credo,
878 1095 939 1160 nisi
956 1119 1032 1163 earn

96 1220 261 1276 exerceas3
292 1211 348 1264 aut
373 1199 399 1263 si
424 1199 465 1264 sis
488 1200 601 1264 naturd
626 1197 752 1263 tardior.
792 1198 1031 1265 Themistocles

95 1300 235 1365 omnium
248 1300 364 1366 civium
377 1300 503 1364 nomina
517 1311 716 1387 perceperat:
743 1322 820 1364 num
834 1298 934 1385 igitur
951 1322 1030 1366 cen-

95 1402 170 1467 setis
195 1424 278 1478 eum,
305 1423 403 1485 quum
428 1412 519 1468 aetate
546 1402 753 1488 processisset,
780 1401 837 1486 qui
863 1402 1030 1470 Aristides

95 1513 186 1581 esset,
202 1502 425 1590 Lysimachum
440 1503 574 1569 salutare
589 1503 740 1568 solitum?
784 1503 944 1586 Equidem
960 1528 1030 1572 non

96 1606 186 1670 modb
208 1627 259 1670 eos
280 1606 354 1670 novi
377 1606 433 1691 qui
456 1615 539 1682 sunt,
559 1607 613 1670 sed
635 1627 742 1671 eorum
764 1617 867 1690 patres
882 1607 1029 1674 etiamst

95 1731 177 1773 avos.
223 1709 292 1773 Nec
318 1708 459 1792 sepulcra
481 1708 587 1795 legens
610 1730 729 1785 vereor,
751 1709 836 1791 quod
857 1709 958 1787 aiunt,
985 1733 1029 1777 ne

95 1811 274 1876 memoriam
287 1812 431 1895 perdam:
448 1810 496 1874 his
510 1811 593 1875 enim
615 1809 689 1895 ipsis
710 1810 849 1896 legendis
871 1811 968 1877 redeo
991 1813 1028 1879 in

96 1911 274 1976 memoriam
289 1922 490 1976 mortuorum.
529 1911 599 1976 Nec
613 1911 688 1977 vero
703 1934 893 1996 quemquam
908 1935 1026 1980 senum

95 2014 200 2080 audivi
214 2015 346 2080 oblitum
361 2037 425 2098 quo
436 2014 503 2079 loco
515 2013 694 2078 thesaurum
705 2014 867 2079 obruisset.
892 2013 1026 2096 Omnia,

96 2141 164 2203 quae
178 2127 298 2194 curant,
313 2117 541 2192 meminerunt3
565 2115 741 2181 vadimonia
756 2116 946 2193 constituta3
966 2121 1027 2203 qui

95 2220 162 2300 sibi,
183 2219 297 2304 quibus
320 2219 387 2303 ipsi,
410 2218 552 2283 debeant.
597 2222 649 2283 22.
675 2217 763 2300 Quid
778 2219 1027 2302 jurisconsulti?

95 2322 171 2405 quid
186 2320 366 2406 pontifices?
382 2321 458 2404 quid
471 2323 625 2406 augures?
639 2321 716 2404 quid
727 2320 899 2407 philosophi
912 2326 1027 2393 senes?

96 2425 190 2507 squam
205 2421 305 2487 multa
318 2422 546 2488 memineruntl
591 2422 726 2488 Manent
741 2423 867 2510 ingenia
881 2424 1025 2506 senibus,

95 2524 185 2590 modb
200 2532 376 2609 permaneat
398 2523 536 2587 studium
551 2532 585 2589 et
598 2523 768 2601 industria3
791 2547 902 2591 necea
917 2526 1025 2594 soliun

95 2629 127 2690 in
143 2625 231 2691 claris
246 2634 279 2690 et
293 2623 449 2687 honoratis
463 2622 548 2700 viris,
571 2623 626 2688 sed
645 2623 679 2687 in
694 2624 760 2690 virt
781 2625 874 2691 etiam
895 2626 1025 2710 privatd

95 2743 127 2796 et
149 2728 263 2814 quieta
304 2725 470 2813 Sophocles
492 2727 531 2791 ad
553 2748 705 2791 summam
726 2737 919 2794 senectutem
939 2729 1026 2798 Tra-

94 2833 210 2920 goedias
238 2829 334 2905 fecit3
371 2828 456 2913 quod
489 2839 617 2914 propter
645 2828 794 2907 studium,
824 2853 922 2915 quum
952 2855 1024 2901 rem

94 2933 277 2997 familiarem
297 2929 456 3015 negligere
482 2928 650 3007 videretur,
673 2931 692 2995 d
717 2930 789 2995 filiis
809 2931 843 2995 in
863 2932 1023 3016 judicium

94 3044 221 3101 vocatus
247 3043 304 3108 est,
330 3040 377 3107 ut,
403 3031 662 3114 quemadmodum
690 3042 796 3098 nostro
824 3055 909 3098 more
937 3039 1025 3106 male

94 3160 160 3202 rem
188 3133 368 3220 gerentibus
396 3132 537 3217 patribus
565 3133 654 3197 bonis
682 3133 827 3200 interdici
854 3136 943 3213 solet,
972 3120 1020 3208 sio

93 3241 192 3314 illum,
215 3236 305 3321 quasi
326 3235 537 3320 desipientem,
560 3236 580 3300 d
600 3257 634 3301 re
656 3236 799 3300 familiari
821 3253 1023 3310 removerent

89 3342 218 3427 judices.
266 3337 349 3402 Tum
369 3359 464 3403 senex
479 3337 593 3402 dicitur
607 3359 675 3402 eam
690 3337 855 3417 Fabulam,
873 3363 969 3424 quam
985 3344 1023 3411 in

93 3444 235 3508 manibus
265 3439 400 3506 habebat
427 3449 459 3505 et
484 3439 625 3525 proxime
654 3440 827 3525 scripserat,
864 3428 1020 3528 OEdipura

98 3547 266 3623 Coloneum,
297 3543 441 3610 recitasse
473 3542 642 3628 judicibus,
679 3543 900 3630 quaesisseque,
939 3569 1020 3614 num
