2264 3914
429 217 433 221 ’
471 199 560 262 GAP·
580 197 651 268 XX
987 205 1024 293 33

99 371 201 449 credo,
216 394 249 437 se
272 391 337 436 esse
357 385 463 434 oamm
485 366 558 432 suis.
606 365 669 435 Sed
686 364 770 432 haud
784 367 846 433 scio
859 389 900 432 an
914 367 1024 471 meliis

98 471 241 537 Ennius:

168 613 280 701 'Nemo
294 635 340 675 me
354 613 496 695 lacrymis
511 596 635 704 decoret,
652 612 917 696 mcfucercfletc
1028 691 1033 708 .

183 715 287 777 Facit.
395 717 397 721 ’

51 879 150 973 aar.
175 879 250 943 Non
275 887 382 943 censet
406 876 574 963 lugendam
599 897 665 941 esse
690 887 831 955 mortem,
847 900 942 962 quam
963 879 1019 945 im-

97 977 268 1043 mortalitas
283 985 499 1060 consequatur.
532 975 608 1041 Jam
623 998 730 1040 sensus
744 977 894 1042 moriendi
908 977 1021 1064 aliquis
1106 1008 1109 1013 ¹

97 1102 164 1145 esse
178 1089 291 1165 potest,
302 1079 391 1163 isque
405 1078 445 1143 ad
456 1077 605 1163 exiguum
616 1088 749 1163 tempus,
760 1080 928 1163 prasertim
939 1081 1018 1145 seni:

97 1191 168 1266 post
184 1190 314 1245 mortem
335 1180 460 1265 quidem
482 1201 590 1244 sensus
609 1187 665 1243 aut
678 1180 831 1264 optandus
846 1189 902 1244 aut
915 1181 1020 1246 nullus

97 1292 154 1347 est.
201 1279 264 1347 Sed
277 1280 336 1346 hoc
350 1280 534 1345 meditatum
548 1280 587 1343 ab
606 1278 812 1343 adolescentia
830 1279 922 1344 debet
944 1302 1019 1357 esse,

97 1392 229 1447 mortem
248 1391 285 1446 ut
306 1380 519 1467 negligamus:
544 1379 611 1443 sind
630 1379 692 1462 qud
711 1379 911 1444 meditatione
934 1394 1020 1445 tran-

98 1482 196 1567 quillo
218 1503 284 1547 esse
305 1481 408 1545 animo
434 1501 525 1544 nemo
550 1489 662 1565 potest.
711 1479 911 1544 Moriendum
937 1481 1020 1546 enim

97 1582 180 1647 certe
195 1591 262 1657 est3
287 1591 320 1645 et
338 1580 371 1643 id
388 1579 552 1656 incertum,
575 1601 615 1642 an
635 1600 672 1643 eo
690 1577 757 1663 ipso
777 1579 835 1644 die.
880 1579 1020 1645 Mortem

96 1683 195 1767 igitur
208 1681 352 1746 omnibus
369 1679 453 1743 horis
467 1678 697 1765 impendentem
712 1679 823 1744 timens
835 1679 891 1763 qui
905 1681 1020 1766 poterit

97 1781 200 1845 animo
215 1779 439 1851 consistereitk
449 1781 498 1844 75.
522 1777 574 1842 De
588 1779 651 1862 qud
665 1800 728 1842 non
749 1779 794 1843 ita
807 1779 900 1865 longia
914 1780 1019 1866 dispu-

97 1881 214 1945 tatione
229 1902 306 1966 opus
327 1900 392 1943 esse
408 1877 541 1955 videtur,
556 1900 654 1961 quum
675 1879 826 1955 recorder,
842 1902 904 1943 non
920 1880 1019 1945 solum

98 1978 139 2042 L.
156 1979 303 2054 Brutum,
319 1979 374 2061 qui
396 1978 431 2041 in
450 1977 608 2041 liberanda
627 1977 727 2062 patrii
748 1988 795 2043 est
817 1978 1016 2055 interfectus3

97 2100 161 2143 non
175 2078 253 2142 duos
268 2076 392 2152 Decios,
408 2075 463 2159 qui
478 2075 517 2140 ad
528 2076 733 2141 voluntariam
747 2086 879 2141 mortem
894 2100 1019 2142 cursum

98 2197 250 2260 equorum
285 2174 511 2249 incitavemnt3
546 2195 609 2238 non
641 2173 689 2239 M.
721 2172 867 2251 Atilium,
898 2176 952 2259 qui
980 2177 1020 2240 ad

98 2276 283 2363 supplicium
301 2286 348 2341 est
368 2274 535 2361 profectus,
550 2284 587 2339 ut
606 2273 699 2338 fidem
718 2274 800 2339 hosti
821 2275 925 2340 datam
947 2299 1020 2342 con-

98 2386 253 2451 servaret3
278 2397 341 2441 non
370 2375 447 2439 duos
479 2372 646 2460 Scipiones,
672 2373 727 2458 qui
754 2374 815 2440 iter
838 2375 944 2440 Poenis
968 2379 1019 2442 vel

98 2477 277 2563 corporibus
311 2474 375 2540 suis
413 2475 573 2540 obstruere
601 2473 786 2550 voluenmt3
826 2498 889 2540 non
926 2499 1018 2541 avum

84 2586 198 2653 ¹tuum,
209 2576 249 2641 L.
263 2575 421 2653 Paullum,
432 2576 487 2658 qui
497 2583 597 2638 morte
608 2572 668 2638 luit
682 2573 806 2659 collegae
819 2575 852 2638 in
863 2574 1019 2641 Cannensi

97 2676 267 2761 ignominia
291 2674 516 2740 temeritatem:
547 2695 610 2738 non
640 2673 687 2737 M.
710 2672 904 2750 Marcellum,
931 2676 1019 2758 cujus

97 2776 259 2842 interitum
292 2797 332 2841 ne
364 2773 591 2841 crudelissimus
619 2773 745 2857 quidem
777 2774 874 2839 hostis
905 2774 1020 2839 honore

98 2875 264 2960 sepulturae
290 2895 393 2939 carere
416 2895 523 2959 passus
548 2881 613 2937 est:
644 2871 698 2937 sed
724 2871 862 2958 legiones
889 2882 1019 2951 nostras,

98 2973 183 3056 quod
198 2973 306 3059 scripsi
325 2972 359 3036 in
380 2974 565 3057 Oriqinibus,
580 2971 614 3035 in
637 2992 709 3035 eum
728 2993 808 3057 saepe
824 2971 927 3036 locum
950 2994 1021 3056 pro-

99 3074 197 3138 fectas
226 3072 320 3138 alacri
348 3073 451 3138 animo
480 3081 513 3137 et
541 3080 654 3148 erecto,
683 3072 766 3137 unde
795 3093 828 3136 se
858 3094 1020 3155 nunquam

99 3172 252 3237 redituras
277 3173 509 3238 arbitrarentur.
565 3170 658 3252 Quod
682 3172 780 3258 igitur
802 3171 1019 3247 adolescentes,

98 3283 130 3337 et
157 3271 178 3334 ii
203 3270 329 3354 quidem
354 3294 417 3337 non
440 3271 541 3336 soldm
565 3270 690 3347 indocti,
707 3271 760 3336 sed
783 3271 876 3336 etiam
901 3271 1019 3346 rustici,

97 3381 313 3447 contemnunt,
328 3369 360 3435 id
382 3372 466 3436 docti
485 3393 573 3437 senes
596 3371 824 3437 extimescant?
868 3374 918 3438 76.
943 3368 1020 3435 Om-

98 3471 183 3550 nino,
208 3480 245 3537 ut
269 3471 347 3537 mihi
371 3472 498 3559 quidem
526 3472 660 3550 videtur,
682 3471 854 3538 studiorum
882 3469 1023 3536 omnium

524 3586 539 3621 o
556 3577 570 3622 5
