2258 3916
103 405 123 464 4
214 423 218 432 ’
397 405 508 469 CATO
527 405 680 469 MAJOR.

102 568 192 636 nobis
207 590 332 656 quoque
346 569 584 658 ingrediendum
598 572 649 650 sit,
664 572 756 651 istuc,
772 571 835 659 qud
850 575 1032 661 pervenisti,

102 672 217 750 videre,
234 673 326 760 quale
341 673 391 738 sit
961 669 964 677 ’
1065 678 1067 683 ⁴

145 875 212 941 III.
235 881 265 942 7.
289 874 397 942 Caro.
442 876 580 954 Faciam,
604 887 642 943 ut
664 887 782 964 potero,
805 879 893 946 Laeli.
939 881 1033 968 Saepd

102 976 185 1042 enim
214 977 348 1045 interfui
377 979 512 1062 querelis
541 1002 679 1045 meorum
709 981 1032 1069 aequalium-pares

101 1088 206 1144 autem
220 1101 292 1145 cum
309 1080 446 1165 paribus,
468 1081 568 1146 veteri
589 1083 762 1167 proverbio,
786 1083 933 1149 facillime
954 1106 1033 1169 con·

100 1191 402 1266 gregantur—quau
433 1180 470 1248 O.
504 1181 669 1259 Salinator,
699 1205 769 1267 quac
798 1183 851 1269 Sp.
880 1185 1030 1264 Albinus,

100 1281 241 1348 homines
267 1284 453 1360 consulares,
476 1285 575 1349 nostri
600 1284 668 1349 fere
692 1285 835 1369 aequales,
866 1286 1032 1373 deplorare

101 1386 257 1461 solebant3
296 1396 365 1451 tum
402 1385 486 1468 qudd
519 1385 733 1471 voluptatibus
770 1400 921 1463 carerent,
960 1389 1030 1454 sine

100 1488 214 1571 quibus
229 1488 327 1553 vitam
342 1486 461 1552 nullam
481 1496 637 1572 putarent,
660 1497 730 1550 tum
745 1487 830 1571 qudd
845 1509 1031 1573 sperneren-

99 1598 154 1653 tur
168 1590 207 1653 ab
222 1590 272 1665 iis,
288 1590 307 1654 a
321 1587 438 1671 quibus
452 1587 512 1652 coli
527 1597 629 1652 essent
645 1586 736 1653 soliti.
784 1587 850 1669 Qui
869 1591 945 1653 mihi
963 1614 1031 1657 nou

99 1689 131 1753 id
160 1690 348 1763 uidebantur
381 1709 534 1765 accusare,
572 1688 658 1773 quod
695 1699 775 1754 esset
809 1693 1025 1758 accusandum.

100 1791 184 1855 Nam
209 1790 235 1855 si
259 1790 292 1854 id
317 1789 410 1875 culpa
433 1791 602 1855 senectutis
627 1790 789 1868 accideret,
817 1793 924 1858 eadem
949 1796 1030 1859 mihi

98 1917 158 1958 usu
180 1893 332 1970 venirent,
355 1892 545 1977 reliquisque
569 1893 713 1959 omnibus
738 1894 907 1979 majoribus
936 1909 1025 1961 natu.

22 2068 26 2074 ,
56 2051 65 2063 .,
100 1996 244 2078 Quorum
273 2017 331 2081 ego
360 1996 530 2061 multorum
565 1996 698 2082 cognovi
733 2008 926 2062 senectutem
958 1999 1028 2064 sine

77 2093 239 2184 ‘quereld2
268 2098 324 2182 qui
350 2120 382 2162 se
381 2107 440 2213 apt
465 2098 630 2162 libidinum
656 2097 787 2163 vinculis
813 2097 933 2162 laxatos
958 2121 1028 2164 esse

96 2223 160 2267 non
181 2154 465 2277 molestdffiltrrent
488 2222 545 2265 nec
560 2201 579 2264 a
594 2201 657 2265 suis
671 2200 913 2285 despicerentur.
961 2200 1028 2266 Sed

97 2303 236 2367 omnium
256 2301 431 2367 istiusmodi
451 2300 647 2385 querelarum
661 2300 695 2364 in
708 2301 845 2366 moribus
860 2310 907 2365 est
922 2301 1025 2395 culpa,

96 2429 160 2470 non
181 2406 215 2468 iu
241 2402 547 2479 aetate.·⁴2.⁴·Moderati
570 2403 652 2467 enim
672 2413 704 2468 et
723 2425 781 2468 nec
806 2375 946 2468 difficili&
965 2406 1025 2468 nee

97 2506 258 2569 inhumani
285 2525 374 2568 senes
395 2503 587 2568 tolerabilem
609 2514 708 2589 agunt
729 2515 940 2594 senectutem:
964 2504 1026 2568 im·

96 2608 272 2691 portunitas
294 2616 400 2670 autem
414 2614 447 2670 et
461 2604 671 2669 inhumanitas
690 2605 774 2670 omni
789 2606 873 2670 aetati
893 2605 1026 2672 molesta

97 2719 153 2774 est.

16 2798 32 2851 ἶ
140 2815 169 2872 8.
194 2808 349 2871 meua
394 2806 464 2882 Est,
491 2816 528 2871 ut
553 2805 639 2883 dicis,
669 2805 760 2873 Cato.
809 2806 870 2874 Sed
892 2807 1024 2875 fortasse

96 2912 210 2976 dixerit
239 2909 405 2995 quispiam,
435 2909 494 2973 tibi
522 2919 650 2993 propter
678 2931 761 2994 opes,
788 2921 821 2975 ct
849 2911 961 2995 copias,
990 2924 1025 2978 ct

95 3013 280 3099 dignitatem
302 3021 401 3087 tuam,
423 3008 664 3075 tolerabiliorem
686 3022 878 3076 senectutem
902 3013 1020 3078 videri:

95 3117 126 3178 id
142 3127 246 3178 autem
260 3135 323 3177 non
337 3133 427 3198 posse
441 3112 549 3176 multis
564 3113 754 3198 contingere.

139 3215 246 3281 Cart).
306 3215 367 3278 Est
395 3213 475 3278 istuc
505 3213 640 3296 quidem,
672 3213 762 3288 Laeli,
793 3213 928 3295 aliquid3
966 3219 1022 3282 sed

94 3341 291 3401 nequaquam
320 3317 353 3379 in
381 3317 442 3379 isto
471 3325 545 3379 sunt
573 3315 694 3378 omnia:
727 3325 765 3380 ut
796 3316 1022 3384 Themistocles

94 3423 196 3485 fertur
214 3417 357 3502 Seriphio
379 3416 499 3481 cuidam
522 3417 556 3480 in
573 3417 679 3501 jurgio
700 3418 903 3503 respondisse,
920 3441 1021 3503 quum

94 3525 146 3588 ille
170 3522 309 3596 dixisset,
334 3519 407 3584 Nou
430 3542 501 3583 eum
523 3520 588 3595 sud,
611 3519 665 3583 sed
682 3521 790 3604 patriae
804 3521 903 3606 gloria
916 3521 1021 3607 splen-

94 3628 199 3690 dorem
222 3630 417 3695 asseeutum3
441 3619 654 3695 matercula,
675 3617 791 3704 inquit,
812 3628 840 3687 aa·
858 3648 911 3710 epo
934 3625 1021 3689 Seri-

93 3726 188 3814 phim·
210 3745 313 3804 essem,
343 3719 447 3788 nobilis
457 3747 470 3798 ,-
501 3745 553 3785 aec
582 3732 625 3799 tu,
656 3725 685 3784 si
711 3724 902 3791 Atheniensis
930 3748 1018 3805 esses,
