2258 3916
350 224 439 284 CAP.
460 224 580 283 XXIV.
601 225 702 284 XXV.
972 230 1008 286 75

77 387 268 473 desperanda
294 394 349 453 est.
399 388 519 454 Scitum
544 399 591 453 est
613 389 695 452 enim
718 388 795 453 illud
817 385 959 468 Catonis,
972 403 1009 457 ut

77 486 185 562 multa,
203 488 318 550 Melius
334 490 370 549 de
395 489 572 572 quibusdam
595 490 715 551 acerbos
736 491 870 551 inimicos
891 497 1006 569 mereri,

76 587 168 672 qcrim
193 611 241 651 eos
266 592 386 664 amicos,
403 592 457 673 qni
480 591 580 652 dulces
606 591 786 665 nidrosiam
809 591 876 653 illos
904 615 1006 656 aarum

75 711 153 773 crepe
177 691 283 764 dicere,
308 691 361 752 tos
387 711 550 773 conquam.
596 688 708 773 Atque
733 688 812 752 illud
838 690 1006 755 absurdum

76 788 269 873 est—qnbd
290 789 324 864 ii,
345 788 402 873 qui
422 797 597 864 monentur,
619 811 686 853 eam
706 788 886 865 molestiam,
910 813 1004 875 quam

74 889 190 955 debent
202 913 321 975 capere,
333 912 396 956 non
412 889 558 975 capiunt3
575 912 643 956 eam
657 891 795 976 capiunt,
811 893 874 976 qus
887 893 1005 959 debent

74 1013 191 1056 vacare.
237 991 389 1057 Peccisse
413 991 496 1056 enim
522 1014 555 1056 se
576 1014 638 1056 non
661 1003 829 1077 anguntur,
846 995 1003 1081 objurgari

73 1093 204 1159 moleste
229 1094 356 1159 feruatr
389 1093 474 1178 quod
496 1105 605 1159 contra
626 1093 790 1180 oportebat
811 1095 925 1164 delicto
949 1099 1004 1164 do-

72 1195 147 1273 lere,
162 1196 353 1262 correctione
367 1195 511 1282 gaudere

117 1398 238 1465 XXV.
263 1404 313 1464 91.
339 1398 389 1464 Ut
411 1397 508 1482 igitur
527 1406 561 1462 et
583 1420 708 1463 monere
730 1408 762 1464 et
786 1400 905 1465 moneri
928 1424 1000 1487 pro·

71 1497 173 1583 prium
189 1510 237 1563 est
251 1521 332 1564 veras
346 1498 498 1575 amicitiae,
514 1507 547 1563 et
561 1497 693 1563 alterum
706 1497 802 1564 libere
813 1499 924 1578 facere,
936 1524 1005 1566 non

71 1597 188 1682 aspere,
203 1598 336 1663 alterum
352 1598 507 1682 patienter
524 1598 672 1682 accipere,
689 1620 753 1663 non
767 1612 997 1686 repugnantem

73 1695 118 1760 sic
133 1695 311 1761 habendum
327 1705 376 1761 est
391 1696 509 1760 nullam
523 1695 555 1760 in
571 1695 715 1762 amicitiis
726 1707 844 1781 pestem
856 1720 922 1764 esse
933 1723 999 1764 ma-

66 1796 177 1878 jorem,
193 1797 288 1880 quim
302 1796 523 1872 adulationem,
536 1796 729 1873 blanditiam,
746 1799 995 1864 assentationem.

72 1892 225 1976 Quamvis
254 1895 338 1961 euim
367 1896 474 1960 multis
503 1895 680 1961 nominibus
715 1905 763 1960 est
797 1897 856 1963 hoo
884 1898 997 1963 vitium

70 1994 241 2059 notandum
277 1995 394 2060 levium
430 1995 590 2059 hominnm
623 2006 719 2078 atque
753 1995 920 2073 fallacium,
957 1999 997 2062 ad

69 2095 265 2160 voluntatem
290 2094 486 2179 loquentium
512 2093 625 2170 omnia,
651 2093 729 2158 nihil
755 2095 794 2157 ad
820 2095 993 2161 veritatem.

70 2199 122 2260 92.
148 2193 257 2277 Quum
272 2207 376 2260 autem
391 2194 529 2258 omnium
540 2215 642 2258 rerum
655 2193 810 2258 simulatio
825 2206 872 2259 est
884 2195 996 2260 vitiosa

69 2294 203 2360 —tollit
224 2294 308 2360 enim
325 2293 479 2378 judicium
493 2293 570 2370 veri,
587 2294 682 2377 idque
704 2293 908 2360 adulterat—
924 2305 993 2360 turn

69 2392 214 2459 amicitiae
239 2402 393 2479 repugnat
418 2393 572 2458 maxime:
604 2393 687 2458 delet
711 2393 794 2461 enim
819 2394 993 2471 veritatem,

69 2493 137 2558 sine
158 2493 222 2577 qui
242 2516 355 2558 nomen
377 2492 520 2558 amicitiae
542 2491 645 2558 valere
667 2505 730 2557 non
752 2505 864 2579 potest.
911 2495 995 2559 Nam

69 2614 168 2677 quum
182 2593 325 2659 amicitiae
333 2593 381 2658 vis
395 2593 436 2658 sit
450 2593 482 2656 iu
498 2615 545 2668 eo,
561 2603 598 2657 ut
613 2615 695 2657 unns
707 2593 796 2677 quasi
807 2594 927 2659 animus
938 2594 994 2659 fiat

69 2713 110 2757 ex
129 2693 280 2779 pluribus,
299 2693 357 2778 qui
376 2692 409 2757 id
429 2693 496 2758 fieri
510 2693 635 2778 poterit,
651 2692 773 2758 sinsin
789 2716 852 2758 uno
867 2694 994 2777 quidem

71 2815 198 2878 quoque
214 2817 295 2859 unus
306 2794 428 2859 animus
443 2793 503 2860 erit
518 2794 663 2879 idemque
675 2815 804 2880 semper,
817 2794 869 2858 sed
880 2793 993 2871 varius,

69 2895 306 2972 commutabilis,
318 2893 507 2979 multiplex?
542 2900 592 2958 93.
617 2892 799 2976 Quidenim
814 2902 994 2982 potestesse

69 3005 134 3059 tam
148 2993 294 3069 flexibile,
310 3005 374 3058 tam
389 2993 526 3072 devium,
542 2993 636 3077 quam
656 2992 777 3057 animus
792 2993 869 3077 ejus,
886 2993 941 3077 qui
956 2993 994 3057 ad

69 3093 198 3159 alterius
221 3115 284 3159 non
306 3092 398 3158 modb
413 3114 538 3157 sensum
557 3114 594 3157 ac
610 3092 803 3158 voluntatem
825 3093 879 3157 sed
900 3093 993 3158 etiam

69 3191 192 3260 vultum
207 3201 303 3277 atque
317 3203 431 3276 nutum
445 3191 659 3261 convertitur?

112 3323 216 3408 Nepet
229 3327 323 3408 quia?
338 3345 431 3404 ceco:
455 3326 524 3386 ait?
540 3326 611 3387 nio.-
629 3320 789 3408 postremi,
807 3325 953 3408 imperavi

198 3433 310 3507 epomet
323 3426 398 3486 mibi

118 3524 231 3588 Ocresia
246 3527 405 3600 assentari,
554 3576 556 3580 .

193 3643 196 3647 .
486 3621 504 3658 r
520 3614 536 3658 a
