2264 3914
100 218 133 275 18
419 211 529 273 CATO
549 212 700 274 MAJOR.

97 400 210 442 munus
231 375 340 452 aetatis,
357 377 508 459 siquidem
523 376 554 440 id
573 377 675 443 aufert
696 377 794 454 nohis,
812 377 894 461 quod
917 389 965 442 est
987 377 1021 443 in

97 480 301 546 adolescentia
311 480 553 544 vitiosissimum!
577 481 720 565 Accipite
730 480 938 565 enim‚optimi
946 480 1021 544 ado-

96 580 1022 668 lescentcs,veteremorationemArchytaeTarentini,magui

93 682 130 747 in
146 683 262 768 primis,
275 692 307 747 ct
321 683 457 766 praeclari
468 683 535 758 viri,
552 704 621 765 quae
636 684 711 746 mihi
722 683 837 747 tradita
851 695 907 758 est,
921 705 1021 765 quum

98 809 194 850 essem
209 785 383 851 adolescens
400 785 528 850 Tarenti
543 808 614 851 cum
636 785 675 866 Q.
693 786 842 850 Maximo.
889 786 1022 851 Nullam

97 887 306 972 capitaliorem
330 897 456 972 pestem,
473 889 567 972 quam
592 889 725 972 corporis
745 887 946 972 voluptatem,
962 889 1022 953 ho·

97 989 232 1054 minibus
256 990 378 1055 dicebat
402 991 421 1054 a
443 991 554 1055 natura
582 990 706 1054 datam:
737 990 825 1073 cujus
848 989 1021 1075 voluptatis

97 1090 194 1154 avidae
219 1090 360 1156 libidines
385 1091 502 1156 temere
528 1101 560 1157 et
589 1079 744 1156 effrenate
769 1090 808 1154 ad
832 1091 1021 1174 potiundum

97 1191 308 1257 incitarentur.
330 1197 382 1256 40.
400 1193 487 1257 Hinc
498 1184 603 1278 patria
617 1191 815 1278 proditiones,
827 1191 1021 1256 hincrerum

97 1293 291 1379 publicarum
305 1294 487 1370 eversiones,
504 1293 576 1359 hinc
589 1316 661 1358 curn
675 1293 816 1361 hostibus
830 1293 1023 1364 claudestina

97 1394 250 1477 colloquia
260 1394 361 1469 nasci3
377 1395 498 1459 nullum
508 1395 642 1479 denique
651 1394 759 1470 scelus,
771 1394 893 1459 nullum
904 1394 1022 1460 malum

97 1495 217 1559 facinus
232 1517 306 1570 esse,
322 1494 362 1559 ad
376 1496 460 1578 quod
480 1497 707 1582 suscipiendum
722 1518 785 1560 non
798 1495 894 1560 libido
909 1496 1022 1582 volup·

97 1597 172 1662 tatis
197 1595 386 1681 impelleret3
409 1607 518 1682 stupra
532 1598 615 1676 verb,
636 1607 668 1663 et
690 1597 851 1671 adulteria,
872 1609 905 1662 et
928 1620 1022 1664 omne

98 1696 161 1761 tale
190 1696 353 1782 flagitium,
383 1698 477 1763 nullis
509 1698 576 1762 aliis
610 1698 762 1764 illecebris
791 1698 930 1775 excitari,
959 1699 1023 1765 nisi

98 1798 286 1883 voluptatis:
310 1821 471 1884 quumque
496 1799 579 1863 homi
603 1799 611 1814 ⁰
637 1800 703 1864 sive
726 1809 847 1877 natura,
863 1801 929 1866 sive
949 1801 1023 1885 quis

98 1898 196 1976 Deus,
212 1900 289 1964 nihil
311 1912 415 1967 mente
434 1901 575 1987 praestab'
629 1898 633 1905 ’
662 1901 804 1978 dedisset,
820 1901 893 1967 huic
914 1901 1023 1968 divino

97 2004 268 2068 maneriae
283 2004 364 2069 dono
378 2003 456 2069 nihil
469 2026 535 2069 esse
548 2013 613 2069 tarn
627 2002 786 2068 inimicum
802 2004 894 2086 quam
910 2003 1024 2090 volup·

89 2088 203 2170 ¹tatem.
225 2111 278 2169 41.
293 2105 453 2171 Necenim
476 2105 603 2171 libidine
612 2105 799 2182 dominante,
809 2107 1024 2190 temperantiae

97 2205 200 2272 locum
223 2229 298 2283 esse,
314 2229 415 2290 neque
435 2206 608 2273 omninoin
622 2206 791 2292 voluptatis
810 2228 905 2291 regno
920 2207 1024 2273 virtu-

35 2376 40 2383 ,
98 2319 162 2371 tem
176 2330 265 2392 posse
279 2307 453 2373 consistere.
500 2308 595 2390 Quod
610 2308 673 2392 quo
689 2308 786 2394 magis
800 2308 933 2392 intelligi
949 2331 1025 2394 pos-

100 2419 158 2485 set,
180 2411 297 2495 fingere
319 2410 422 2475 animo
439 2409 570 2494 jubebat
588 2411 678 2474 tanti
699 2410 864 2475 incitatum
885 2411 1024 2493 aliquem

99 2507 259 2593 voluptate
285 2509 429 2594 corporis,
455 2518 574 2592 quanta
598 2508 715 2595 percipi
739 2518 841 2593 posset
866 2509 1022 2593 maxima:

99 2610 216 2675 nemini
235 2609 380 2675 censebat
399 2610 466 2676 fore
480 2610 620 2684 dubium,
636 2609 712 2693 quin
733 2609 863 2686 tamdiu,
879 2609 954 2674 dum
977 2611 1025 2677 ita

99 2711 257 2798 gauderet,
286 2710 364 2774 nihil
393 2710 510 2795 agitare
535 2721 648 2785 mente,
678 2710 756 2774 nihil
785 2711 915 2787 ratione,
942 2711 1026 2783 nihil

99 2813 285 2898 cogitatione
300 2812 447 2896 consequi
462 2821 575 2897 posset.
622 2811 777 2893 Quocirca
791 2813 868 2876 nihil
880 2835 945 2878 esse
956 2823 1025 2881 tam

99 2915 290 2992 detestabile,
314 2925 441 2998 tamque
470 2912 660 2998 pestiferum,
686 2915 781 2997 quam
810 2914 1023 3000 voluptatem

100 3019 253 3102 siquidem
271 3041 317 3092 ea,
334 3039 431 3101 quum
452 3015 549 3099 major
570 3025 651 3081 esset
673 3027 769 3100 atquc
784 3016 915 3101 longior,
931 3039 1026 3085 omna

100 3122 194 3187 animi
222 3120 328 3186 lumen
357 3119 578 3204 exstingueret.
633 3117 712 3183 Haec
741 3141 825 3202 cum,
842 3116 880 3182 C.
905 3116 1025 3196 Pontio

103 3221 381 3305 Samnite—patre
410 3220 485 3303 ejus,
508 3220 528 3283 a
556 3240 629 3302 quo,
654 3219 797 3286 Caudino
826 3219 940 3304 praelio,
967 3219 1023 3306 Sp.

100 3323 291 3399 Postumius,
319 3321 356 3386 T.
374 3320 536 3396 Veturius,
559 3321 710 3397 consules,
735 3322 871 3406 superati
901 3331 1025 3385 sunt-

100 3425 239 3491 locutum
275 3424 462 3510 Archytam,
493 3423 654 3489 Nearchus
685 3422 882 3500 Tarentinus,
912 3422 1026 3507 hospes

102 3536 214 3606 noster,
230 3526 285 3612 qui
306 3526 340 3591 in
361 3523 497 3595 arriana
517 3524 624 3612 populi
643 3524 778 3591 Romani
799 3538 1024 3613 permanserat,
