2264 3914
434 153 523 215 ΟΑΡ.
544 153 649 217 XXII.
984 160 1022 217 35

101 319 769 404 morumdisseruisset,is,quiessetomnium
779 320 1022 407 sapientissimus

101 422 224 488 oraculo
239 421 396 508 Apollinis
412 421 579 506 judicatus
627 421 714 504 oua
733 395 931 521 musasssn
945 422 1022 486 mins

99 523 247 607 persuasi,
262 522 306 587 sic
321 521 441 586 sentior
465 543 564 606 quum
579 531 668 586 tanta
686 520 827 587 celeritas
848 521 1022 586 animorum

100 622 151 698 sit,
166 632 254 687 tanta
273 621 422 687 memoria
441 623 677 706 praeteritorum,
692 621 931 704 futurorumque
945 643 1022 706 pru-

99 721 213 799 dentia,
239 731 286 787 tot
315 733 406 796 artes,
431 731 526 785 tantae
556 721 701 797 scientiae,
721 729 769 785 tot
793 719 931 796 inventa,
957 742 1022 784 non

99 843 187 906 posse
213 843 284 891 eam
311 829 464 896 naturam,
495 842 565 903 quae
593 843 642 885 res
674 842 724 884 eas
756 819 924 895 contineat,
938 875 941 878 .
955 841 1024 884 esse.

98 919 278 985 mortalem:
313 942 473 1004 quumque
498 941 620 1004 semper
644 919 781 1004 agitetur
806 919 937 996 animus,
962 941 1027 1000 uec,

99 1022 284 1107 principium
306 1019 409 1085 motds
434 1019 556 1096 habeat,
579 1019 653 1103 quia
679 1019 798 1105 seipse
823 1029 955 1097 moveat,
979 1043 1021 1086 nc

98 1120 194 1184 finem
214 1119 340 1204 quidem
353 1117 534 1183 habiturum
555 1139 621 1182 esse
640 1117 753 1193 motos,
769 1117 844 1201 quia
857 1139 1020 1202 nunquam

99 1240 131 1282 se
145 1218 211 1304 ipse
225 1218 265 1283 sit
279 1218 461 1284 relictumst
479 1226 521 1293 et,
537 1237 634 1300 quum
650 1216 780 1302 simplex
799 1215 894 1281 animi
908 1228 1020 1282 natura

98 1327 299 1402 casatosque
314 1317 442 1383 haberet
455 1317 489 1381 in
500 1339 533 1381 se
548 1316 719 1400 quidquam
734 1316 900 1381 admistum
914 1316 1020 1402 dispar

98 1419 147 1483 sui
170 1430 265 1502 atque
288 1416 441 1495 dissimile,
465 1440 528 1482 non
549 1439 638 1502 posse
664 1415 735 1481 eum
757 1416 873 1493 dividi3
908 1417 1019 1503 quodsi

97 1541 160 1584 nou
174 1519 280 1605 possit,
296 1540 358 1584 non
372 1541 461 1604 posse
476 1518 621 1583 interire:
646 1539 821 1603 magnoque
840 1541 906 1584 esse
925 1541 1020 1604 argu·

97 1630 201 1684 mento
227 1617 365 1683 homines
386 1617 463 1683 scire
482 1617 630 1704 pleraque
652 1617 726 1681 antei
741 1619 835 1700 quim
855 1618 922 1682 nati
944 1619 1016 1695 sint,

97 1718 180 1801 quod
200 1719 267 1802 jam
292 1716 389 1801 pueri,
416 1739 515 1800 quum
540 1727 621 1780 artes
650 1715 789 1781 difficiles
817 1717 946 1793 discant,
972 1717 1019 1782 ita

97 1818 239 1884 celeriter
251 1839 301 1881 res
320 1815 559 1881 innumerabiles
580 1815 738 1902 arripiant,
754 1825 792 1880 ut
806 1839 856 1882 eas
871 1839 934 1881 uon
949 1827 1018 1890 tum

96 1917 232 2000 primdm
246 1916 382 2000 accipere
391 1915 564 1992 videantur,
575 1916 629 1983 sed
643 1915 798 1982 reminisci
809 1927 841 1981 et
855 1917 1015 1983 recordari.

98 2016 177 2082 Haec
192 2015 285 2081 Plato
299 2025 412 2080 noster.
927 2041 929 2045 ¹

140 2212 263 2280 XXII.
287 2217 339 2280 79.
362 2212 461 2300 Apud
482 2213 725 2301 Xenophontem
748 2223 862 2293 autem,
886 2215 1019 2281 moriens

98 2315 201 2400 Cyrus
228 2313 333 2400 Major
355 2314 420 2379 haec
445 2314 698 2381 dicits—Nolite
726 2320 882 2392 arbitrari,
904 2321 922 2381 ὃ
945 2321 1021 2381 milri

97 2418 247 2478 carissimi
255 2416 334 2495 filii,
355 2437 409 2491 me,
426 2437 517 2499 qaam
541 2414 561 2478 ὰ
584 2418 665 2479 vobis
686 2420 853 2502 discessero,
869 2440 1018 2503 nusquam

96 2525 153 2579 ant
174 2515 289 2578 nullum
310 2517 392 2597 fore.
446 2515 511 2577 Neo
537 2519 624 2592 enim,
649 2519 719 2580 dum
747 2541 830 2579 eram
859 2519 1017 2595 cabasam,

96 2619 230 2678 animum
244 2637 339 2677 meam
351 2616 512 2677 videbatis:
535 2618 586 2678 sed
606 2640 672 2679 enm
694 2640 754 2680 esse
773 2621 805 2680 in
819 2619 874 2680 lma
888 2641 1018 2703 corpore,

96 2738 131 2778 en
158 2718 196 2778 iis
225 2716 311 2778 rebus
340 2738 416 2799 qaas
441 2717 590 2799 ponebam,
614 2718 831 2801 intellipebatis.
879 2720 1019 2783 Eundem

96 2818 189 2898 ipitar
213 2837 274 2877 esse
299 2818 445 2891 ereditate,
471 2819 560 2878 etiam
585 2820 613 2878 si
636 2818 751 2880 nnllam
777 2819 920 2881 videbitis.
965 2822 1017 2880 80.

97 2914 163 2977 Nee
176 2913 244 2978 veri
259 2918 410 2979 clarorum
432 2919 565 2979 uirorum
580 2928 652 3001 post
672 2929 792 2981 mortem
815 2921 937 2981 honores
947 2940 1020 3002 per·

97 3025 258 3090 manerent,
273 3021 301 3078 si
320 3016 398 3080 nihil
416 3020 664 3100 earumipsarum
681 3021 777 3080 animi
791 3019 945 3102 efficerent,
962 3014 1020 3101 qud

97 3111 211 3178 diutinis
224 3121 395 3180 memoriam
411 3120 460 3179 sai
482 3127 653 3180 teneremus.
698 3119 920 3202 omniquidem
943 3138 1021 3178 nan-

97 3237 188 3299 quam
211 3218 387 3298 persuaderi
405 3219 515 3301 potnit,
542 3220 665 3294 animos,
692 3219 763 3280 dam
789 3220 820 3279 in
850 3217 1022 3298 corporibus
1058 3205 1063 3219 ⁸

97 3325 194 3379 essent
205 3316 389 3392 mortalibus,
403 3319 522 3391 uivere;
545 3339 635 3401 qaum
650 3322 776 3380 arsissent
790 3340 824 3380 er
843 3320 890 3391 iis,
906 3316 1000 3378 emm
1008 3337 1019 3377 .·

97 3437 151 3479 nea
175 3411 253 3493 uerd,
272 3411 366 3502 [tum]
398 3421 532 3482 animam
561 3440 621 3479 esse
645 3420 840 3501 insipientem,
866 3436 957 3500 qaam
986 3435 1021 3476 er

525 3530 541 3567 a
559 3522 573 3565 a
992 3538 996 3544 ·
