2264 3914
464 205 553 271 OAP.
573 209 661 272 XIV·
991 210 1027 268 21

104 371 219 438 tionem
237 371 375 448 haberet,
391 376 555 437 ambivium
570 376 787 449 nomintnmt3
803 369 922 446 melius,
936 372 1030 457 quim

70 543 72 547 ,
105 472 216 550 Graeci,
240 472 295 558 qui
309 473 367 538 hoc
381 472 464 538 idem
483 489 552 540 tum
566 481 818 563 compotantium,
834 483 903 538 tum
918 495 1030 538 concc-

104 579 251 640 rraticrrem
262 582 392 640 vocant:
408 585 455 654 ut,
472 578 556 661 quod
570 578 604 643 in
620 602 656 646 eo
667 600 780 666 genere
794 575 957 640 minimum
971 586 1028 651 est,

103 677 136 741 id
150 677 283 742 maxime
296 676 427 762 probare
441 677 614 745 videantur.

147 878 246 945 XIV.
263 882 313 943 46.
332 878 404 965 Ego
414 878 489 944 verb
499 891 626 966 propter
637 880 784 947 sermonis
794 878 1030 944 delectationem

102 981 296 1066 tempestivis
311 1002 436 1065 quoque
451 982 600 1047 conviviis
610 983 754 1059 delector,
769 1003 827 1047 uec
841 1003 912 1046 cum
927 1002 1031 1064 aequa·

102 1083 184 1149 libus
214 1083 323 1159 soldm,
347 1083 402 1166 qui
429 1084 520 1170 pauci
543 1085 710 1151 admodum
731 1093 859 1160 restant,
884 1082 937 1147 sed
958 1104 1030 1146 cum

103 1185 207 1250 vestra
220 1185 314 1250 etiam
327 1193 428 1262 aetate,
445 1194 541 1269 atque
556 1185 732 1262 vobiscum3
750 1185 910 1268 habeoque
925 1204 1031 1248 senec·

103 1287 166 1351 tuti
180 1309 323 1373 magnam
337 1288 479 1373 gratiam,
501 1311 571 1372 quae
590 1288 666 1353 mihi
687 1287 835 1353 sermonis
850 1286 1030 1351 aviditatem

102 1388 200 1464 auxit,
220 1389 353 1474 potionis
375 1399 408 1454 et
422 1389 484 1455 cibi
497 1389 634 1454 sustulit.
679 1389 775 1471 Qudd
794 1388 913 1472 siquem
936 1386 1030 1451 etiam

102 1490 162 1555 ista
190 1491 445 1557 delectant-ne
468 1492 594 1557 omnino
617 1492 733 1557 bellum
756 1490 902 1555 indixisse
924 1490 1030 1554 videar

102 1592 267 1678 voluptati,
284 1594 373 1677 cujus
396 1603 443 1658 est
466 1593 560 1659 etiam
578 1592 708 1658 fortasse
730 1591 857 1677 quidam
879 1591 1030 1657 naturalis

101 1705 320 1760 motus—non
335 1681 485 1782 intellige,
500 1717 540 1759 ne
553 1695 588 1759 in
601 1695 669 1760 istis
680 1694 805 1778 quidem
816 1693 1030 1778 voluptatibus

101 1796 110 1858 i
134 1796 185 1873 sis,
207 1818 309 1863 carcre
327 1819 419 1862 sensu
442 1807 642 1865 senectutem.
688 1796 746 1861 Me
765 1795 839 1863 verb
863 1806 895 1860 et
916 1796 1030 1881 magis-

117 1899 181 1963 eria
205 1899 361 1964 delectant
385 1901 404 1965 d
428 1901 595 1984 majoribus
620 1900 784 1974 instituta3
809 1909 841 1964 et
864 1899 891 1962 is
917 1921 1028 1974 sermo,

102 2000 167 2084 qui,
193 2022 277 2066 more
300 2003 460 2085 majorum,
476 2005 495 2066 a
514 2024 633 2066 summo
657 2001 822 2066 adhibetur
843 2001 876 2064 in
891 2000 1026 2086 poculis3

102 2110 135 2165 et
145 2101 265 2186 pocula,
278 2102 358 2166 sicut
372 2103 405 2166 in
424 2105 581 2188 Symposio
597 2101 820 2186 Xenophontis
836 2112 892 2179 est,
908 2102 1030 2166 minuta

100 2216 197 2289 atque
218 2205 354 2269 rorantia
362 2229 371 2281 ;
387 2215 420 2270 et
439 2205 632 2290 refrigeratio
645 2213 762 2280 aestate,
778 2213 810 2270 et
824 2204 959 2270 vicissim
973 2216 1029 2270 aut

100 2305 146 2370 sol
161 2315 216 2370 aut
229 2305 311 2392 ignis
325 2305 482 2370 hibernus.
512 2307 593 2389 Quae
609 2306 735 2390 quidem
748 2305 782 2368 in
799 2302 922 2370 Sabinis
934 2305 1029 2370 etiam

99 2407 243 2492 persequi
279 2405 371 2482 soleo,
405 2407 644 2492 conviviumque
676 2406 849 2472 vicinorum
890 2406 1029 2490 quotidie

99 2509 248 2595 compleo,
275 2510 359 2595 quod
383 2510 422 2574 ad
450 2511 582 2575 multam
610 2520 745 2585 noctem,
775 2509 870 2592 quim
895 2489 1112 2663 mani-Q

100 2633 271 2697 possumus,
296 2611 380 2676 vario
402 2613 542 2677 'sermone
565 2611 773 2697 producimus.
818 2596 944 2676 ltI‘At
964 2632 1029 2675 non
1111 2624 1113 2631 ’

99 2724 147 2778 est
182 2712 381 2797 voluptatum
416 2722 505 2778 tanta
538 2713 627 2797 quasi
659 2711 798 2777 titillatio
829 2711 863 2774 in
892 2711 1026 2776 senibus.

100 2811 220 2889 Cred03
256 2815 310 2878 sed
340 2837 379 2879 ne
408 2814 591 2879 desideratio
618 2813 753 2896 quidem.
805 2811 893 2876 Nihil
922 2820 1028 2877 autem

98 2914 272 2991 molestum,
315 2916 399 3000 quod
422 2939 486 2980 non
513 2915 673 2981 desideres.
730 2913 819 2978 Bene
850 2912 1027 2997 Sophoclea,

100 3038 197 3100 quum
222 3039 262 3082 ex
288 3041 324 3083 eo
351 3018 488 3104 quidam,
514 3019 580 3102 jam
606 3017 717 3082 affecto
740 3028 841 3092 aetate,
865 3027 1026 3099 quaereret,

97 3127 280 3183 utereturne
309 3120 403 3185 rebus
433 3120 590 3194 venereis3
632 3121 693 3182 Dii
728 3120 875 3182 meliora!
912 3119 1025 3201 inquit.

97 3223 239 3286 Libenter
262 3224 331 3288 verd
357 3228 455 3299 istim,
483 3237 638 3309 tamquam
664 3223 684 3286 ὰ
711 3224 828 3286 domino
854 3228 967 3307 aprestz'
990 3247 1027 3286 ac

87 3324 213 3406 furioso
223 3328 360 3410 profltqi.
407 3325 538 3410 Cupidis
550 3326 633 3390 enim
647 3346 751 3478 repom
766 3325 876 3387 talium
887 3324 1027 3388 odiosum

97 3437 129 3492 et
151 3426 316 3490 molestum
334 3436 382 3491 est
399 3426 528 3490 fortasse
548 3448 668 3501 carere3
692 3425 810 3489 satiatis
826 3426 898 3490 verb
919 3436 950 3489 et
973 3448 1027 3488 ex·

95 3529 186 3615 pletis
204 3528 374 3612 jucundius
389 3537 437 3593 est
455 3549 567 3604 carere,
589 3528 683 3612 quam
708 3527 781 3592 frui.
827 3526 1044 3608 Quamquam
