2258 3916
126 196 163 257 78
511 189 686 250 LAELIUS.

47 393 50 399 ·
124 361 208 426 enim
223 359 402 425 adulantem
418 380 510 424 nemo
532 380 596 423 non
611 357 707 428 videt,
732 354 793 420 nisi
815 354 870 440 qui
891 355 1066 422 admodtlm

123 472 172 527 est
194 482 319 527 excors:
344 458 475 525 callidus
496 457 550 523 ille
573 468 606 524 et
628 455 771 522 occultus
792 478 832 520 ne
854 477 887 520 se
910 455 1065 534 insinuet,

123 560 261 627 studiose
290 559 463 626 cavendum
492 570 549 623 est.
606 557 675 622 Nec
705 555 788 621 enim
814 555 961 622 facillime
988 580 1066 644 cog-

123 659 274 736 noscitur,
300 659 418 745 quippe
441 657 498 742 qui
520 657 615 723 ctiam
639 656 831 722 adversando
853 678 934 742 saepe
955 679 1066 722 assen-

122 771 219 838 tetur,
245 770 279 826 et
301 759 427 847 litigare
452 781 485 824 sc
511 758 662 823 simulans
688 757 878 834 blandiatur,
901 768 999 842 atque
1022 760 1064 824 ad

122 870 299 928 extremum
313 862 368 926 det
380 883 492 926 manus
507 859 654 943 vincique
669 881 702 924 se
717 859 875 945 potiatur3
900 869 938 924 ut
952 859 991 938 is,
1006 861 1064 944 qui

121 961 233 1029 illusus
252 963 304 1041 sit,
327 964 399 1049 plus
418 962 533 1028 vidisse
551 962 704 1028 videatur.
753 960 842 1043 Quid
863 970 970 1030 autem
991 974 1064 1026 tur·

122 1061 202 1148 pius,
215 1064 310 1147 quim
321 1061 431 1128 illudi?
469 1061 564 1146 Quod
576 1084 616 1128 ne
628 1061 758 1138 accidat,
771 1059 872 1147 magis
884 1059 1062 1126 cavendum

121 1174 179 1242 est,
195 1175 232 1231 ut
247 1165 281 1230 in
295 1166 462 1251 Epicuro.-

223 1321 325 1386 Hodie
339 1345 385 1385 me
399 1332 470 1386 ante
484 1345 584 1385 omnes
604 1321 739 1386 Comicus
753 1318 860 1410 stultos
875 1341 957 1382 senes

231 1423 372 1488 Versatur
386 1434 477 1509 atque
492 1424 661 1488 emunxerit
676 1421 852 1486 lautissimi.

168 1572 240 1632 100.
264 1567 345 1632 Haec
360 1567 445 1633 euim
459 1568 555 1632 etism
577 1568 611 1632 in
625 1567 759 1633 Fabulis
781 1567 966 1634 stultissimo
985 1591 1063 1656 per·

121 1689 200 1732 sona
216 1676 266 1732 est
284 1666 529 1752 improvidorum
554 1678 587 1732 et
604 1666 803 1732 credulorum
826 1690 946 1734 senum.
996 1667 1062 1736 Sed

120 1766 225 1832 nescio
241 1788 305 1851 qno
319 1777 412 1853 pacto
432 1764 471 1831 sb
490 1766 636 1832 amicitiis
652 1767 865 1854 perfectorum
885 1768 1061 1848 hominum,

120 1867 155 1934 id
185 1876 244 1945 est,
279 1867 469 1955 sapientium
479 1905 524 1919 -
534 1869 573 1934 dc
602 1869 662 1936 hes
690 1869 760 1935 dico
790 1869 955 1955 sapientit,
985 1892 1061 1956 quae

120 1970 248 2036 videtur
261 1970 295 2035 in
310 1969 469 2037 homiuem
483 1971 593 2036 cadere
607 1993 697 2057 posse
707 2009 746 2020 -
754 1970 793 2036 sd
808 1970 894 2036 leves
907 1970 1061 2038 amicitias

120 2072 247 2140 deflexit
263 2073 371 2140 oratic.
420 2072 633 2156 Quamobrem
648 2072 688 2138 ad
702 2073 756 2139 illa
770 2073 871 2160 prima
884 2073 1059 2151 redeamus,

121 2195 221 2260 eaque
235 2173 303 2260 ipsa
318 2172 544 2240 concludamus
557 2173 735 2258 aliquando.

164 2375 324 2442 XXVII.
349 2376 472 2454 Virtus,
488 2376 599 2454 virtus,
620 2376 759 2462 inquam,
777 2376 815 2445 C.
831 2376 946 2455 Fanni,
962 2385 996 2443 et
1010 2388 1059 2454 tu,

122 2475 163 2558 Q.
178 2476 278 2554 Muci,
296 2486 329 2543 et
343 2477 489 2543 conciliat
509 2478 660 2544 amicitias
683 2489 717 2545 et
740 2489 911 2545 conservat.
958 2476 1000 2543 In
1022 2480 1061 2544 ei

120 2586 169 2643 est
191 2577 274 2642 enirn
298 2577 516 2644 convenientis
538 2602 653 2657 rerum,
676 2580 710 2644 in
732 2581 770 2646 esi
791 2580 956 2658 stabilitas,
971 2581 1006 2646 in
1021 2581 1060 2648 ed

120 2680 305 2747 constantia
347 2680 427 2764 Quas
443 2705 542 2768 quum
558 2706 591 2748 se
606 2684 732 2761 extulit,
749 2695 782 2750 et
797 2684 936 2751 ostendit
951 2683 1060 2751 lumen

120 2806 223 2861 suum,
246 2794 279 2849 et
299 2782 381 2848 idem
403 2783 526 2869 aspexit
544 2785 735 2871 agnovitque
757 2784 791 2850 in
811 2785 881 2862 alio,
905 2784 944 2850 ad
968 2785 1001 2851 id
1026 2808 1059 2851 se

107 2883 276 2960 -sdmovet,
300 2883 499 2970 vicissimque
526 2885 640 2971 sucipit
666 2885 756 2963 illud,
781 2886 866 2970 quod
895 2885 930 2949 in
959 2883 1060 2951 altem

120 2993 182 3050 est:
199 3005 239 3050 ex
254 3006 318 3069 quo
333 3007 441 3051 eorum
456 2985 629 3052 exardescit
644 2986 710 3051 sive
725 3010 820 3063 amor,
833 2985 898 3052 sive
909 2990 1057 3051 amicitia.

120 3082 305 3170 Utrumque
319 3086 403 3150 enim
418 3086 538 3152 dictum
552 3098 599 3153 cst
614 3084 653 3152 ab
669 3089 817 3152 amando.-
832 3109 935 3151 amare
950 3096 1059 3152 autem

118 3184 199 3251 nihil
212 3185 298 3252 aliud
313 3197 371 3264 est,
387 3187 448 3252 nisi
464 3210 536 3253 eum
557 3188 661 3273 ipsum
683 3186 823 3273 diligere,
845 3209 941 3272 quem
961 3194 1061 3265 ames,
1096 3204 1105 3225 ³

119 3287 207 3354 nulli
220 3287 403 3376 indigentit,
419 3288 506 3354 nulli
520 3289 659 3355 utilitate
675 3288 814 3373 quaesiti.
853 3286 934 3370 Qum
949 3297 1058 3354 tamen

118 3387 187 3474 ipss
209 3388 375 3456 efflorescit
397 3411 437 3455 ex
459 3389 608 3466 amicitiai,
628 3389 724 3454 etiam
745 3389 772 3454 si
794 3398 833 3454 tu
859 3410 926 3454 earn
951 3387 1059 3454 mimis

64 3464 246 3664 *otus
267 3488 318 3556 sis.
367 3493 439 3557 101.
464 3487 536 3557 Hes
550 3511 608 3556 nos
630 3487 842 3556 adolescentes
868 3487 1059 3555 benevolen-
