<?xml version="1.0" encoding="UTF-8"?>
<!DOCTYPE html PUBLIC "-//W3C//DTD XHTML 1.0 Transitional//EN"
    "http://www.w3.org/TR/xhtml1/DTD/xhtml1-transitional.dtd">
<html xmlns="http://www.w3.org/1999/xhtml" xml:lang="en" lang="en">
 <head>
  <title>
</title>
<meta http-equiv="Content-Type" content="text/html;charset=utf-8" />
  <meta name='ocr-system' content='tesseract 3.04.00' />
  <meta name='ocr-capabilities' content='ocr_page ocr_carea ocr_par ocr_line ocrx_word'/>
</head>
<body>
  <div class='ocr_page' id='page_1' title='image "./ciceroscatomajo00whitgoog_0104.png"; bbox 0 0 2258 3916; ppageno 0'>
   <div class='ocr_carea' id='block_1_1' title="bbox 469 221 1047 288">
    <p class='ocr_par' dir='ltr' id='par_1_1' title="bbox 469 221 1047 288">
     <span class='ocr_line' id='line_1_1' title="bbox 469 221 1047 288; baseline -0.01 -5"><span class='ocrx_word' id='word_1_1' title='bbox 469 221 559 283; x_wconf 79' lang='lat' dir='ltr'>CAP.</span> <span class='ocrx_word' id='word_1_2' title='bbox 580 221 672 282; x_wconf 73' lang='lat' dir='ltr'>XXI.</span> <span class='ocrx_word' id='word_1_3' title='bbox 994 228 1047 288; x_wconf 51' lang='lat'><strong>69⁴</strong></span> 
     </span>
    </p>
   </div>
   <div class='ocr_carea' id='block_1_2' title="bbox 97 387 1034 1879">
    <p class='ocr_par' dir='ltr' id='par_1_2' title="bbox 97 387 1034 1879">
     <span class='ocr_line' id='line_1_2' title="bbox 103 387 1034 474; baseline 0.006 -21"><span class='ocrx_word' id='word_1_4' title='bbox 103 397 242 474; x_wconf 83' lang='lat' dir='ltr'><strong>possunt,</strong></span> <span class='ocrx_word' id='word_1_5' title='bbox 254 387 314 454; x_wconf 89' lang='lat' dir='ltr'><strong>nisi</strong></span> <span class='ocrx_word' id='word_1_6' title='bbox 330 387 414 472; x_wconf 82' lang='lat' dir='ltr'><strong>qndd</strong></span> <span class='ocrx_word' id='word_1_7' title='bbox 429 398 517 454; x_wconf 87' lang='lat' dir='ltr'><strong>tanta</strong></span> <span class='ocrx_word' id='word_1_8' title='bbox 532 398 579 453; x_wconf 91' lang='lat' dir='ltr'><strong>est</strong></span> <span class='ocrx_word' id='word_1_9' title='bbox 589 388 671 452; x_wconf 91' lang='lat' dir='ltr'><strong>inter</strong></span> <span class='ocrx_word' id='word_1_10' title='bbox 686 411 747 465; x_wconf 88' lang='lat' dir='ltr'><strong>eos,</strong></span> <span class='ocrx_word' id='word_1_11' title='bbox 765 398 883 474; x_wconf 90' lang='lat' dir='ltr'><strong>quanta</strong></span> <span class='ocrx_word' id='word_1_12' title='bbox 898 389 1034 459; x_wconf 80' lang='lat' dir='ltr'><strong>maxima</strong></span> 
     </span>
     <span class='ocr_line' id='line_1_3' title="bbox 103 490 1030 576; baseline 0.002 -22"><span class='ocrx_word' id='word_1_13' title='bbox 103 499 206 574; x_wconf 91' lang='lat' dir='ltr'><strong>potest</strong></span> <span class='ocrx_word' id='word_1_14' title='bbox 234 513 310 567; x_wconf 87' lang='lat' dir='ltr'><strong>esse,</strong></span> <span class='ocrx_word' id='word_1_15' title='bbox 347 512 468 554; x_wconf 87' lang='lat' dir='ltr'><strong>morum</strong></span> <span class='ocrx_word' id='word_1_16' title='bbox 498 490 735 576; x_wconf 86' lang='lat' dir='ltr'><strong>studiorumque</strong></span> <span class='ocrx_word' id='word_1_17' title='bbox 765 490 920 556; x_wconf 76' lang='lat' dir='ltr'><strong>distantia.</strong></span> <span class='ocrx_word' id='word_1_18' title='bbox 980 493 1030 556; x_wconf 77' lang='lat'><strong>75.</strong></span> 
     </span>
     <span class='ocr_line' id='line_1_4' title="bbox 103 589 1033 676; baseline 0.003 -22"><span class='ocrx_word' id='word_1_19' title='bbox 103 589 204 656; x_wconf 75' lang='lat' dir='ltr'><strong>Recte</strong></span> <span class='ocrx_word' id='word_1_20' title='bbox 228 592 321 656; x_wconf 88' lang='lat' dir='ltr'><strong>etiam</strong></span> <span class='ocrx_word' id='word_1_21' title='bbox 344 591 470 676; x_wconf 87' lang='lat' dir='ltr'><strong>praecipi</strong></span> <span class='ocrx_word' id='word_1_22' title='bbox 496 599 598 675; x_wconf 86' lang='lat' dir='ltr'><strong>potest</strong></span> <span class='ocrx_word' id='word_1_23' title='bbox 620 591 654 654; x_wconf 88' lang='lat' dir='ltr'><strong>in</strong></span> <span class='ocrx_word' id='word_1_24' title='bbox 677 591 830 668; x_wconf 81' lang='lat' dir='ltr'><strong>amicitiis,</strong></span> <span class='ocrx_word' id='word_1_25' title='bbox 855 615 896 656; x_wconf 95' lang='lat' dir='ltr'><strong>ne</strong></span> <span class='ocrx_word' id='word_1_26' title='bbox 919 593 1033 657; x_wconf 91' lang='lat' dir='ltr'><strong>intem·</strong></span> 
     </span>
     <span class='ocr_line' id='line_1_5' title="bbox 102 690 1032 778; baseline 0.002 -23"><span class='ocrx_word' id='word_1_27' title='bbox 102 701 210 775; x_wconf 88' lang='lat' dir='ltr'><strong>perata</strong></span> <span class='ocrx_word' id='word_1_28' title='bbox 234 692 377 776; x_wconf 88' lang='lat' dir='ltr'><strong>quaedam</strong></span> <span class='ocrx_word' id='word_1_29' title='bbox 398 690 626 768; x_wconf 82' lang='lat' dir='ltr'><strong>benevolentia,</strong></span> <span class='ocrx_word' id='word_1_30' title='bbox 646 693 731 775; x_wconf 92' lang='lat' dir='ltr'><strong>quod</strong></span> <span class='ocrx_word' id='word_1_31' title='bbox 753 715 890 778; x_wconf 86' lang='lat' dir='ltr'><strong>persaepe</strong></span> <span class='ocrx_word' id='word_1_32' title='bbox 906 693 953 769; x_wconf 86' lang='lat' dir='ltr'><strong>fit,</strong></span> <span class='ocrx_word' id='word_1_33' title='bbox 973 694 1032 757; x_wconf 91' lang='lat' dir='ltr'><strong>im-</strong></span> 
     </span>
     <span class='ocr_line' id='line_1_6' title="bbox 101 792 1032 878; baseline 0.003 -22"><span class='ocrx_word' id='word_1_34' title='bbox 101 793 207 876; x_wconf 86' lang='lat' dir='ltr'><strong>pediat</strong></span> <span class='ocrx_word' id='word_1_35' title='bbox 230 816 357 878; x_wconf 85' lang='lat' dir='ltr'><strong>magnas</strong></span> <span class='ocrx_word' id='word_1_36' title='bbox 383 792 535 857; x_wconf 86' lang='lat' dir='ltr'><strong>utilitates</strong></span> <span class='ocrx_word' id='word_1_37' title='bbox 559 793 736 857; x_wconf 86' lang='lat' dir='ltr'><strong>amicorum.</strong></span> <span class='ocrx_word' id='word_1_38' title='bbox 783 793 852 858; x_wconf 88' lang='lat' dir='ltr'><strong>Neo</strong></span> <span class='ocrx_word' id='word_1_39' title='bbox 877 794 969 870; x_wconf 90' lang='lat' dir='ltr'><strong>enim,</strong></span> <span class='ocrx_word' id='word_1_40' title='bbox 994 805 1032 859; x_wconf 90' lang='lat' dir='ltr'><strong>ut</strong></span> 
     </span>
     <span class='ocr_line' id='line_1_7' title="bbox 102 892 1032 980; baseline 0.005 -24"><span class='ocrx_word' id='word_1_41' title='bbox 102 892 142 956; x_wconf 91' lang='lat' dir='ltr'><strong>ad</strong></span> <span class='ocrx_word' id='word_1_42' title='bbox 171 893 308 957; x_wconf 77' lang='lat' dir='ltr'><strong>Fabulae</strong></span> <span class='ocrx_word' id='word_1_43' title='bbox 342 892 478 968; x_wconf 87' lang='lat' dir='ltr'><strong>redeam,</strong></span> <span class='ocrx_word' id='word_1_44' title='bbox 511 892 638 976; x_wconf 85' lang='lat' dir='ltr'><strong>Trojam</strong></span> <span class='ocrx_word' id='word_1_45' title='bbox 666 893 892 977; x_wconf 84' lang='lat' dir='ltr'><strong>Neoptolemus</strong></span> <span class='ocrx_word' id='word_1_46' title='bbox 922 918 1032 980; x_wconf 87' lang='lat' dir='ltr'><strong>capere</strong></span> 
     </span>
     <span class='ocr_line' id='line_1_8' title="bbox 101 990 1030 1076; baseline 0.001 -20"><span class='ocrx_word' id='word_1_47' title='bbox 101 991 263 1075; x_wconf 89' lang='lat' dir='ltr'><strong>potuisset,</strong></span> <span class='ocrx_word' id='word_1_48' title='bbox 280 991 306 1055; x_wconf 89' lang='lat' dir='ltr'><strong>si</strong></span> <span class='ocrx_word' id='word_1_49' title='bbox 320 990 542 1076; x_wconf 81' lang='lat' dir='ltr'><strong>Lycomedem,</strong></span> <span class='ocrx_word' id='word_1_50' title='bbox 564 992 647 1075; x_wconf 88' lang='lat' dir='ltr'><strong>apud</strong></span> <span class='ocrx_word' id='word_1_51' title='bbox 665 1014 760 1074; x_wconf 89' lang='lat' dir='ltr'><strong>quem</strong></span> <span class='ocrx_word' id='word_1_52' title='bbox 783 1003 848 1057; x_wconf 87' lang='lat' dir='ltr'><strong>erat</strong></span> <span class='ocrx_word' id='word_1_53' title='bbox 870 993 1030 1070; x_wconf 86' lang='lat' dir='ltr'><strong>educatus,</strong></span> 
     </span>
     <span class='ocr_line' id='line_1_9' title="bbox 100 1080 1031 1177; baseline 0.003 -22"><span class='ocrx_word' id='word_1_54' title='bbox 100 1092 209 1157; x_wconf 87' lang='lat' dir='ltr'><strong>multis</strong></span> <span class='ocrx_word' id='word_1_55' title='bbox 229 1114 300 1157; x_wconf 88' lang='lat' dir='ltr'><strong>oum</strong></span> <span class='ocrx_word' id='word_1_56' title='bbox 318 1092 463 1177; x_wconf 86' lang='lat' dir='ltr'><strong>lacrymis</strong></span> <span class='ocrx_word' id='word_1_57' title='bbox 487 1093 547 1156; x_wconf 90' lang='lat' dir='ltr'><strong>iter</strong></span> <span class='ocrx_word' id='word_1_58' title='bbox 568 1115 659 1156; x_wconf 89' lang='lat' dir='ltr'><strong>suum</strong></span> <span class='ocrx_word' id='word_1_59' title='bbox 679 1080 907 1177; x_wconf 78' lang='lat' dir='ltr'><strong>impedientem,</strong></span> <span class='ocrx_word' id='word_1_60' title='bbox 924 1095 1031 1158; x_wconf 90' lang='lat' dir='ltr'><strong>audire</strong></span> 
     </span>
     <span class='ocr_line' id='line_1_10' title="bbox 100 1190 1031 1275; baseline 0.001 -20"><span class='ocrx_word' id='word_1_61' title='bbox 100 1191 259 1255; x_wconf 83' lang='lat' dir='ltr'><strong>voluisset.</strong></span> <span class='ocrx_word' id='word_1_62' title='bbox 304 1191 349 1254; x_wconf 85' lang='lat' dir='ltr'><strong>Et</strong></span> <span class='ocrx_word' id='word_1_63' title='bbox 369 1213 449 1275; x_wconf 86' lang='lat' dir='ltr'><strong>saepe</strong></span> <span class='ocrx_word' id='word_1_64' title='bbox 471 1190 615 1255; x_wconf 88' lang='lat' dir='ltr'><strong>incidunt</strong></span> <span class='ocrx_word' id='word_1_65' title='bbox 640 1213 760 1275; x_wconf 75' lang='lat' dir='ltr'><strong>niagnae</strong></span> <span class='ocrx_word' id='word_1_66' title='bbox 784 1214 843 1267; x_wconf 89' lang='lat' dir='ltr'><strong>res,</strong></span> <span class='ocrx_word' id='word_1_67' title='bbox 868 1202 905 1255; x_wconf 93' lang='lat' dir='ltr'><strong>ut</strong></span> <span class='ocrx_word' id='word_1_68' title='bbox 931 1192 1031 1257; x_wconf 91' lang='lat' dir='ltr'><strong>disce-</strong></span> 
     </span>
     <span class='ocr_line' id='line_1_11' title="bbox 101 1291 1030 1379; baseline 0.003 -25"><span class='ocrx_word' id='word_1_69' title='bbox 101 1292 238 1357; x_wconf 89' lang='lat' dir='ltr'><strong>dendum</strong></span> <span class='ocrx_word' id='word_1_70' title='bbox 253 1292 294 1357; x_wconf 88' lang='lat' dir='ltr'><strong>sit</strong></span> <span class='ocrx_word' id='word_1_71' title='bbox 310 1291 350 1356; x_wconf 90' lang='lat' dir='ltr'><strong>ab</strong></span> <span class='ocrx_word' id='word_1_72' title='bbox 365 1292 489 1366; x_wconf 87' lang='lat' dir='ltr'><strong>amicis3</strong></span> <span class='ocrx_word' id='word_1_73' title='bbox 515 1315 593 1376; x_wconf 88' lang='lat' dir='ltr'><strong>quas</strong></span> <span class='ocrx_word' id='word_1_74' title='bbox 609 1293 664 1375; x_wconf 92' lang='lat' dir='ltr'><strong>qui</strong></span> <span class='ocrx_word' id='word_1_75' title='bbox 686 1292 834 1379; x_wconf 88' lang='lat' dir='ltr'><strong>impedire</strong></span> <span class='ocrx_word' id='word_1_76' title='bbox 849 1292 929 1369; x_wconf 90' lang='lat' dir='ltr'><strong>vult,</strong></span> <span class='ocrx_word' id='word_1_77' title='bbox 945 1294 1030 1378; x_wconf 81' lang='lat' dir='ltr'><strong>qudd</strong></span> 
     </span>
     <span class='ocr_line' id='line_1_12' title="bbox 100 1391 1029 1470; baseline 0.001 -14"><span class='ocrx_word' id='word_1_78' title='bbox 100 1393 286 1457; x_wconf 88' lang='lat' dir='ltr'><strong>desiderium</strong></span> <span class='ocrx_word' id='word_1_79' title='bbox 305 1415 369 1457; x_wconf 89' lang='lat' dir='ltr'><strong>non</strong></span> <span class='ocrx_word' id='word_1_80' title='bbox 390 1392 480 1456; x_wconf 73' lang='lat' dir='ltr'><strong>facile</strong></span> <span class='ocrx_word' id='word_1_81' title='bbox 495 1391 584 1470; x_wconf 85' lang='lat' dir='ltr'><strong>ferat,</strong></span> <span class='ocrx_word' id='word_1_82' title='bbox 602 1393 628 1457; x_wconf 89' lang='lat' dir='ltr'><strong>is</strong></span> <span class='ocrx_word' id='word_1_83' title='bbox 644 1402 676 1456; x_wconf 90' lang='lat' dir='ltr'><strong>et</strong></span> <span class='ocrx_word' id='word_1_84' title='bbox 691 1392 833 1456; x_wconf 87' lang='lat' dir='ltr'><strong>infirmus</strong></span> <span class='ocrx_word' id='word_1_85' title='bbox 849 1405 895 1458; x_wconf 90' lang='lat' dir='ltr'><strong>est</strong></span> <span class='ocrx_word' id='word_1_86' title='bbox 911 1395 1029 1458; x_wconf 92' lang='lat' dir='ltr'><strong>mollis-</strong></span> 
     </span>
     <span class='ocr_line' id='line_1_13' title="bbox 101 1491 1029 1576; baseline 0.003 -21"><span class='ocrx_word' id='word_1_87' title='bbox 101 1515 162 1575; x_wconf 91' lang='lat' dir='ltr'><strong>que</strong></span> <span class='ocrx_word' id='word_1_88' title='bbox 187 1492 309 1568; x_wconf 74' lang='lat' dir='ltr'><strong>naturd,</strong></span> <span class='ocrx_word' id='word_1_89' title='bbox 337 1500 369 1555; x_wconf 90' lang='lat' dir='ltr'><strong>et</strong></span> <span class='ocrx_word' id='word_1_90' title='bbox 392 1493 433 1555; x_wconf 95' lang='lat' dir='ltr'><strong>ob</strong></span> <span class='ocrx_word' id='word_1_91' title='bbox 458 1513 526 1555; x_wconf 88' lang='lat' dir='ltr'><strong>eam</strong></span> <span class='ocrx_word' id='word_1_92' title='bbox 556 1491 655 1576; x_wconf 88' lang='lat' dir='ltr'><strong>ipsam</strong></span> <span class='ocrx_word' id='word_1_93' title='bbox 685 1513 810 1555; x_wconf 85' lang='lat' dir='ltr'><strong>causam</strong></span> <span class='ocrx_word' id='word_1_94' title='bbox 834 1493 866 1554; x_wconf 93' lang='lat' dir='ltr'><strong>in</strong></span> <span class='ocrx_word' id='word_1_95' title='bbox 893 1493 1029 1558; x_wconf 74' lang='lat' dir='ltr'><strong>amicitiai</strong></span> 
     </span>
     <span class='ocr_line' id='line_1_14' title="bbox 99 1589 1028 1679; baseline 0.001 -23"><span class='ocrx_word' id='word_1_96' title='bbox 99 1595 209 1679; x_wconf 76' lang='lat' dir='ltr'><strong>pariam</strong></span> <span class='ocrx_word' id='word_1_97' title='bbox 219 1593 335 1677; x_wconf 82' lang='lat' dir='ltr'><strong>justus.</strong></span> <span class='ocrx_word' id='word_1_98' title='bbox 381 1592 399 1656; x_wconf 82' lang='grc'><strong><em>7</em></strong></span> <span class='ocrx_word' id='word_1_99' title='bbox 404 1594 432 1654; x_wconf 91' lang='grc'><strong>6.</strong></span> <span class='ocrx_word' id='word_1_100' title='bbox 449 1589 560 1675; x_wconf 87' lang='lat' dir='ltr'><strong>Atque</strong></span> <span class='ocrx_word' id='word_1_101' title='bbox 575 1592 608 1654; x_wconf 89' lang='lat' dir='ltr'><strong>in</strong></span> <span class='ocrx_word' id='word_1_102' title='bbox 623 1590 709 1655; x_wconf 92' lang='lat' dir='ltr'><strong>omni</strong></span> <span class='ocrx_word' id='word_1_103' title='bbox 723 1614 756 1656; x_wconf 91' lang='lat' dir='ltr'><strong>re</strong></span> <span class='ocrx_word' id='word_1_104' title='bbox 772 1591 1028 1664; x_wconf 88' lang='lat' dir='ltr'><strong>considerandum</strong></span> 
     </span>
     <span class='ocr_line' id='line_1_15' title="bbox 99 1692 1027 1779; baseline 0.001 -21"><span class='ocrx_word' id='word_1_105' title='bbox 99 1704 156 1770; x_wconf 89' lang='lat' dir='ltr'><strong>est,</strong></span> <span class='ocrx_word' id='word_1_106' title='bbox 173 1693 296 1777; x_wconf 90' lang='lat' dir='ltr'><strong>etquid</strong></span> <span class='ocrx_word' id='word_1_107' title='bbox 317 1693 455 1778; x_wconf 86' lang='lat' dir='ltr'><strong>postules</strong></span> <span class='ocrx_word' id='word_1_108' title='bbox 470 1692 509 1756; x_wconf 88' lang='lat' dir='ltr'><strong>ab</strong></span> <span class='ocrx_word' id='word_1_109' title='bbox 524 1693 634 1770; x_wconf 80' lang='lat' dir='ltr'><strong>arnico,</strong></span> <span class='ocrx_word' id='word_1_110' title='bbox 657 1704 689 1758; x_wconf 88' lang='lat' dir='ltr'><strong>ct</strong></span> <span class='ocrx_word' id='word_1_111' title='bbox 712 1693 788 1778; x_wconf 90' lang='lat' dir='ltr'><strong>quid</strong></span> <span class='ocrx_word' id='word_1_112' title='bbox 812 1695 931 1779; x_wconf 86' lang='lat' dir='ltr'><strong>patiare</strong></span> <span class='ocrx_word' id='word_1_113' title='bbox 948 1697 973 1760; x_wconf 70' lang='lat' dir='ltr'><strong>&#39;a</strong></span> <span class='ocrx_word' id='word_1_114' title='bbox 995 1705 1027 1759; x_wconf 87' lang='lat' dir='ltr'><strong>te</strong></span> 
     </span>
     <span class='ocr_line' id='line_1_16' title="bbox 97 1794 264 1879; baseline 0.018 -23"><span class='ocrx_word' id='word_1_115' title='bbox 97 1794 264 1879; x_wconf 86' lang='lat' dir='ltr'><strong>impetrari.</strong></span> 
     </span>
    </p>
   </div>
   <div class='ocr_carea' id='block_1_3' title="bbox 88 1992 1080 3672">
    <p class='ocr_par' dir='ltr' id='par_1_3' title="bbox 88 1992 1080 3672">
     <span class='ocr_line' id='line_1_17' title="bbox 142 1992 1027 2078; baseline 0.003 -20"><span class='ocrx_word' id='word_1_116' title='bbox 142 1992 245 2058; x_wconf 89' lang='lat' dir='ltr'>XXI.</span> <span class='ocrx_word' id='word_1_117' title='bbox 270 1995 331 2057; x_wconf 87' lang='lat' dir='ltr'><strong>Est</strong></span> <span class='ocrx_word' id='word_1_118' title='bbox 361 1994 454 2059; x_wconf 90' lang='lat' dir='ltr'><strong>etiam</strong></span> <span class='ocrx_word' id='word_1_119' title='bbox 493 1994 582 2078; x_wconf 86' lang='lat' dir='ltr'><strong>quasi</strong></span> <span class='ocrx_word' id='word_1_120' title='bbox 619 1996 762 2078; x_wconf 88' lang='lat' dir='ltr'><strong>quaedam</strong></span> <span class='ocrx_word' id='word_1_121' title='bbox 799 1997 956 2062; x_wconf 87' lang='lat' dir='ltr'><strong>calamitas</strong></span> <span class='ocrx_word' id='word_1_122' title='bbox 993 1997 1027 2061; x_wconf 93' lang='lat' dir='ltr'><strong>in</strong></span> 
     </span>
     <span class='ocr_line' id='line_1_18' title="bbox 96 2092 1026 2178; baseline 0.004 -20"><span class='ocrx_word' id='word_1_123' title='bbox 96 2093 240 2158; x_wconf 86' lang='lat' dir='ltr'><strong>amicitiis</strong></span> <span class='ocrx_word' id='word_1_124' title='bbox 264 2092 458 2156; x_wconf 88' lang='lat' dir='ltr'><strong>dimittendis</strong></span> <span class='ocrx_word' id='word_1_125' title='bbox 484 2115 712 2176; x_wconf 88' lang='lat' dir='ltr'><strong>nonnunquam</strong></span> <span class='ocrx_word' id='word_1_126' title='bbox 739 2096 930 2159; x_wconf 83' lang='lat' dir='ltr'><strong>necessaria:</strong></span> <span class='ocrx_word' id='word_1_127' title='bbox 959 2096 1026 2178; x_wconf 90' lang='lat' dir='ltr'><strong>jam</strong></span> 
     </span>
     <span class='ocr_line' id='line_1_19' title="bbox 96 2193 1032 2281; baseline 0 -21"><span class='ocrx_word' id='word_1_128' title='bbox 96 2195 179 2260; x_wconf 87' lang='lat' dir='ltr'><strong>enim</strong></span> <span class='ocrx_word' id='word_1_129' title='bbox 194 2195 213 2259; x_wconf 73' lang='lat' dir='ltr'><strong>a</strong></span> <span class='ocrx_word' id='word_1_130' title='bbox 227 2193 414 2278; x_wconf 86' lang='lat' dir='ltr'><strong>sapientium</strong></span> <span class='ocrx_word' id='word_1_131' title='bbox 429 2193 691 2260; x_wconf 86' lang='lat' dir='ltr'><strong>familiaritatibus</strong></span> <span class='ocrx_word' id='word_1_132' title='bbox 707 2197 746 2260; x_wconf 91' lang='lat' dir='ltr'><strong>ad</strong></span> <span class='ocrx_word' id='word_1_133' title='bbox 761 2196 905 2281; x_wconf 86' lang='lat' dir='ltr'><strong>vulgares</strong></span> <span class='ocrx_word' id='word_1_134' title='bbox 920 2197 1032 2280; x_wconf 73' lang='lat' dir='ltr'><strong>amici-¹</strong></span> 
     </span>
     <span class='ocr_line' id='line_1_20' title="bbox 95 2294 1026 2382; baseline -0.002 -20"><span class='ocrx_word' id='word_1_135' title='bbox 95 2299 155 2362; x_wconf 90' lang='lat' dir='ltr'><strong>tias</strong></span> <span class='ocrx_word' id='word_1_136' title='bbox 181 2296 280 2360; x_wconf 86' lang='lat' dir='ltr'><strong>oratio</strong></span> <span class='ocrx_word' id='word_1_137' title='bbox 302 2303 410 2358; x_wconf 86' lang='lat' dir='ltr'><strong>nostra</strong></span> <span class='ocrx_word' id='word_1_138' title='bbox 428 2294 592 2358; x_wconf 88' lang='lat' dir='ltr'><strong>delabitur.</strong></span> <span class='ocrx_word' id='word_1_139' title='bbox 639 2295 821 2382; x_wconf 89' lang='lat' dir='ltr'><strong>Erumpunt</strong></span> <span class='ocrx_word' id='word_1_140' title='bbox 845 2320 924 2382; x_wconf 87' lang='lat' dir='ltr'><strong>saepe</strong></span> <span class='ocrx_word' id='word_1_141' title='bbox 949 2298 1026 2361; x_wconf 86' lang='lat' dir='ltr'><strong>vitia</strong></span> 
     </span>
     <span class='ocr_line' id='line_1_21' title="bbox 96 2395 1019 2478; baseline -0.001 -16"><span class='ocrx_word' id='word_1_142' title='bbox 96 2398 264 2462; x_wconf 89' lang='lat' dir='ltr'><strong>amicorum</strong></span> <span class='ocrx_word' id='word_1_143' title='bbox 288 2417 386 2478; x_wconf 91' lang='lat' dir='ltr'><strong>quum</strong></span> <span class='ocrx_word' id='word_1_144' title='bbox 412 2395 445 2456; x_wconf 91' lang='lat' dir='ltr'><strong>in</strong></span> <span class='ocrx_word' id='word_1_145' title='bbox 470 2395 553 2478; x_wconf 91' lang='lat' dir='ltr'><strong>ipsos</strong></span> <span class='ocrx_word' id='word_1_146' title='bbox 581 2395 705 2471; x_wconf 82' lang='lat' dir='ltr'><strong>amicos,</strong></span> <span class='ocrx_word' id='word_1_147' title='bbox 733 2407 801 2460; x_wconf 92' lang='lat' dir='ltr'><strong>tum</strong></span> <span class='ocrx_word' id='word_1_148' title='bbox 828 2395 862 2459; x_wconf 93' lang='lat' dir='ltr'><strong>in</strong></span> <span class='ocrx_word' id='word_1_149' title='bbox 887 2397 1019 2472; x_wconf 78' lang='lat' dir='ltr'><strong>alienos3</strong></span> 
     </span>
     <span class='ocr_line' id='line_1_22' title="bbox 96 2494 1024 2582; baseline -0.001 -20"><span class='ocrx_word' id='word_1_150' title='bbox 96 2520 228 2582; x_wconf 89' lang='lat' dir='ltr'><strong>quorum</strong></span> <span class='ocrx_word' id='word_1_151' title='bbox 251 2504 357 2560; x_wconf 89' lang='lat' dir='ltr'><strong>tamen</strong></span> <span class='ocrx_word' id='word_1_152' title='bbox 379 2495 419 2557; x_wconf 92' lang='lat' dir='ltr'><strong>ad</strong></span> <span class='ocrx_word' id='word_1_153' title='bbox 440 2494 552 2557; x_wconf 87' lang='lat' dir='ltr'><strong>amicos</strong></span> <span class='ocrx_word' id='word_1_154' title='bbox 572 2494 725 2558; x_wconf 90' lang='lat' dir='ltr'><strong>redundet</strong></span> <span class='ocrx_word' id='word_1_155' title='bbox 748 2495 885 2560; x_wconf 86' lang='lat' dir='ltr'><strong>infamia</strong></span> <span class='ocrx_word' id='word_1_156' title='bbox 932 2494 1024 2561; x_wconf 87' lang='lat' dir='ltr'><strong>Tales</strong></span> 
     </span>
     <span class='ocr_line' id='line_1_23' title="bbox 95 2593 1024 2686; baseline -0.008 -21"><span class='ocrx_word' id='word_1_157' title='bbox 95 2601 192 2686; x_wconf 84' lang='lat' dir='ltr'><strong>igitur</strong></span> <span class='ocrx_word' id='word_1_158' title='bbox 212 2597 355 2662; x_wconf 88' lang='lat' dir='ltr'><strong>amicitiae</strong></span> <span class='ocrx_word' id='word_1_159' title='bbox 378 2606 452 2658; x_wconf 92' lang='lat' dir='ltr'><strong>sunt</strong></span> <span class='ocrx_word' id='word_1_160' title='bbox 474 2594 653 2658; x_wconf 91' lang='lat' dir='ltr'><strong>remissione</strong></span> <span class='ocrx_word' id='word_1_161' title='bbox 672 2595 747 2659; x_wconf 77' lang='lat' dir='ltr'><strong>ustis</strong></span> <span class='ocrx_word' id='word_1_162' title='bbox 765 2593 913 2670; x_wconf 89' lang='lat' dir='ltr'><strong>eluendae,</strong></span> <span class='ocrx_word' id='word_1_163' title='bbox 929 2606 970 2671; x_wconf 89' lang='lat' dir='ltr'><strong>et,</strong></span> <span class='ocrx_word' id='word_1_164' title='bbox 988 2606 1024 2658; x_wconf 91' lang='lat' dir='ltr'><strong>ut</strong></span> 
     </span>
     <span class='ocr_line' id='line_1_24' title="bbox 97 2694 1023 2780; baseline -0.01 -13"><span class='ocrx_word' id='word_1_165' title='bbox 97 2701 249 2767; x_wconf 88' lang='lat' dir='ltr'><strong>Catonem</strong></span> <span class='ocrx_word' id='word_1_166' title='bbox 271 2699 372 2762; x_wconf 88' lang='lat' dir='ltr'><strong>dicere</strong></span> <span class='ocrx_word' id='word_1_167' title='bbox 394 2695 507 2772; x_wconf 91' lang='lat' dir='ltr'><strong>audivi,</strong></span> <span class='ocrx_word' id='word_1_168' title='bbox 529 2695 701 2760; x_wconf 74' lang='lat' dir='ltr'><strong>dissuenda</strong></span> <span class='ocrx_word' id='word_1_169' title='bbox 724 2694 835 2780; x_wconf 85' lang='lat' dir='ltr'><strong>magis,</strong></span> <span class='ocrx_word' id='word_1_170' title='bbox 859 2697 953 2778; x_wconf 76' lang='lat' dir='ltr'><strong>quim</strong></span> <span class='ocrx_word' id='word_1_171' title='bbox 976 2696 1023 2760; x_wconf 54' lang='lat' dir='ltr'><strong>di*</strong></span> 
     </span>
     <span class='ocr_line' id='line_1_25' title="bbox 95 2794 1024 2880; baseline -0.009 -12"><span class='ocrx_word' id='word_1_172' title='bbox 95 2801 288 2868; x_wconf 75' lang='lat' dir='ltr'><strong>scindenda:</strong></span> <span class='ocrx_word' id='word_1_173' title='bbox 316 2798 377 2861; x_wconf 91' lang='lat' dir='ltr'><strong>nisi</strong></span> <span class='ocrx_word' id='word_1_174' title='bbox 401 2797 542 2880; x_wconf 79' lang='lat' dir='ltr'><strong>quaedam</strong></span> <span class='ocrx_word' id='word_1_175' title='bbox 564 2797 731 2861; x_wconf 82' lang='lat' dir='ltr'><strong>admoddm</strong></span> <span class='ocrx_word' id='word_1_176' title='bbox 752 2794 956 2860; x_wconf 87' lang='lat' dir='ltr'><strong>intolerabilis</strong></span> <span class='ocrx_word' id='word_1_177' title='bbox 975 2797 1024 2860; x_wconf 88' lang='lat' dir='ltr'><strong>in-</strong></span> 
     </span>
     <span class='ocr_line' id='line_1_26' title="bbox 88 2896 1021 2987; baseline -0.005 -20"><span class='ocrx_word' id='word_1_178' title='bbox 88 2903 174 2987; x_wconf 88' lang='lat' dir='ltr'><strong>juria</strong></span> <span class='ocrx_word' id='word_1_179' title='bbox 187 2899 347 2974; x_wconf 88' lang='lat' dir='ltr'><strong>exarserit,</strong></span> <span class='ocrx_word' id='word_1_180' title='bbox 363 2908 400 2961; x_wconf 93' lang='lat' dir='ltr'><strong>ut</strong></span> <span class='ocrx_word' id='word_1_181' title='bbox 415 2919 517 2980; x_wconf 87' lang='lat' dir='ltr'><strong>neque</strong></span> <span class='ocrx_word' id='word_1_182' title='bbox 531 2908 651 2974; x_wconf 88' lang='lat' dir='ltr'><strong>rectum</strong></span> <span class='ocrx_word' id='word_1_183' title='bbox 667 2918 770 2980; x_wconf 91' lang='lat' dir='ltr'><strong>neque</strong></span> <span class='ocrx_word' id='word_1_184' title='bbox 784 2896 951 2960; x_wconf 90' lang='lat' dir='ltr'><strong>honestum</strong></span> <span class='ocrx_word' id='word_1_185' title='bbox 971 2899 1021 2974; x_wconf 89' lang='lat' dir='ltr'><strong>sit,</strong></span> 
     </span>
     <span class='ocr_line' id='line_1_27' title="bbox 93 2998 1022 3094; baseline -0.004 -26"><span class='ocrx_word' id='word_1_186' title='bbox 93 3027 196 3087; x_wconf 88' lang='lat' dir='ltr'><strong>neque</strong></span> <span class='ocrx_word' id='word_1_187' title='bbox 211 3003 279 3066; x_wconf 89' lang='lat' dir='ltr'><strong>fieri</strong></span> <span class='ocrx_word' id='word_1_188' title='bbox 295 3001 400 3086; x_wconf 89' lang='lat' dir='ltr'><strong>possit,</strong></span> <span class='ocrx_word' id='word_1_189' title='bbox 416 3008 531 3094; x_wconf 38' lang='lat' dir='ltr'><strong>utsnon</strong></span> <span class='ocrx_word' id='word_1_190' title='bbox 547 2998 652 3062; x_wconf 90' lang='lat' dir='ltr'><strong>statim</strong></span> <span class='ocrx_word' id='word_1_191' title='bbox 670 2998 818 3062; x_wconf 89' lang='lat' dir='ltr'><strong>alienatio</strong></span> <span class='ocrx_word' id='word_1_192' title='bbox 841 2998 1022 3080; x_wconf 92' lang='lat' dir='ltr'><strong>disjunctio-</strong></span> 
     </span>
     <span class='ocr_line' id='line_1_28' title="bbox 93 3096 1022 3184; baseline -0.004 -18"><span class='ocrx_word' id='word_1_193' title='bbox 93 3125 155 3184; x_wconf 90' lang='lat' dir='ltr'><strong>que</strong></span> <span class='ocrx_word' id='word_1_194' title='bbox 173 3101 312 3166; x_wconf 87' lang='lat' dir='ltr'><strong>facienda</strong></span> <span class='ocrx_word' id='word_1_195' title='bbox 327 3100 376 3162; x_wconf 65' lang='lat' dir='ltr'><strong>sit„</strong></span> <span class='ocrx_word' id='word_1_196' title='bbox 424 3100 475 3163; x_wconf 79' lang='lat' dir='ltr'><strong>tt.</strong></span> <span class='ocrx_word' id='word_1_197' title='bbox 502 3096 560 3163; x_wconf 86' lang='lat' dir='ltr'><strong>Sin</strong></span> <span class='ocrx_word' id='word_1_198' title='bbox 576 3107 681 3160; x_wconf 89' lang='lat' dir='ltr'><strong>autem</strong></span> <span class='ocrx_word' id='word_1_199' title='bbox 696 3119 816 3160; x_wconf 90' lang='lat' dir='ltr'><strong>morum</strong></span> <span class='ocrx_word' id='word_1_200' title='bbox 833 3109 887 3161; x_wconf 90' lang='lat' dir='ltr'><strong>aut</strong></span> <span class='ocrx_word' id='word_1_201' title='bbox 903 3098 1022 3162; x_wconf 88' lang='lat' dir='ltr'><strong>studio·</strong></span> 
     </span>
     <span class='ocr_line' id='line_1_29' title="bbox 92 3196 1020 3281; baseline -0.006 -16"><span class='ocrx_word' id='word_1_202' title='bbox 92 3224 162 3267; x_wconf 88' lang='lat' dir='ltr'><strong>rum</strong></span> <span class='ocrx_word' id='word_1_203' title='bbox 184 3199 385 3264; x_wconf 86' lang='lat' dir='ltr'><strong>commutatio</strong></span> <span class='ocrx_word' id='word_1_204' title='bbox 408 3197 559 3281; x_wconf 87' lang='lat' dir='ltr'><strong>quaedam,</strong></span> <span class='ocrx_word' id='word_1_205' title='bbox 580 3206 617 3260; x_wconf 90' lang='lat' dir='ltr'><strong>ut</strong></span> <span class='ocrx_word' id='word_1_206' title='bbox 639 3197 707 3260; x_wconf 90' lang='lat' dir='ltr'><strong>fieri</strong></span> <span class='ocrx_word' id='word_1_207' title='bbox 731 3197 819 3272; x_wconf 89' lang='lat' dir='ltr'><strong>solet,</strong></span> <span class='ocrx_word' id='word_1_208' title='bbox 845 3196 927 3261; x_wconf 86' lang='lat' dir='ltr'><strong>facta</strong></span> <span class='ocrx_word' id='word_1_209' title='bbox 950 3198 1020 3273; x_wconf 86' lang='lat' dir='ltr'><strong>erit,</strong></span> 
     </span>
     <span class='ocr_line' id='line_1_30' title="bbox 91 3293 1020 3383; baseline -0.008 -18"><span class='ocrx_word' id='word_1_210' title='bbox 91 3310 148 3365; x_wconf 85' lang='lat' dir='ltr'><strong>aut</strong></span> <span class='ocrx_word' id='word_1_211' title='bbox 171 3301 204 3364; x_wconf 91' lang='lat' dir='ltr'><strong>in</strong></span> <span class='ocrx_word' id='word_1_212' title='bbox 228 3299 403 3383; x_wconf 85' lang='lat' dir='ltr'><strong>reipublicae</strong></span> <span class='ocrx_word' id='word_1_213' title='bbox 426 3297 568 3382; x_wconf 87' lang='lat' dir='ltr'><strong>partibus</strong></span> <span class='ocrx_word' id='word_1_214' title='bbox 588 3296 737 3360; x_wconf 90' lang='lat' dir='ltr'><strong>dissensio</strong></span> <span class='ocrx_word' id='word_1_215' title='bbox 757 3293 1020 3360; x_wconf 84' lang='lat' dir='ltr'><strong>intercesserit-</strong></span> 
     </span>
     <span class='ocr_line' id='line_1_31' title="bbox 89 3395 1021 3486; baseline -0.011 -19"><span class='ocrx_word' id='word_1_216' title='bbox 89 3403 202 3486; x_wconf 87' lang='lat' dir='ltr'><strong>loquor</strong></span> <span class='ocrx_word' id='word_1_217' title='bbox 224 3401 307 3465; x_wconf 90' lang='lat' dir='ltr'><strong>enim</strong></span> <span class='ocrx_word' id='word_1_218' title='bbox 325 3400 401 3485; x_wconf 88' lang='lat' dir='ltr'><strong>jam,</strong></span> <span class='ocrx_word' id='word_1_219' title='bbox 424 3408 461 3463; x_wconf 92' lang='lat' dir='ltr'><strong>ut</strong></span> <span class='ocrx_word' id='word_1_220' title='bbox 483 3398 576 3482; x_wconf 90' lang='lat' dir='ltr'><strong>paulo</strong></span> <span class='ocrx_word' id='word_1_221' title='bbox 591 3397 665 3461; x_wconf 72' lang='lat' dir='ltr'><strong>ante</strong></span> <span class='ocrx_word' id='word_1_222' title='bbox 679 3397 754 3473; x_wconf 88' lang='lat' dir='ltr'><strong>dixi,</strong></span> <span class='ocrx_word' id='word_1_223' title='bbox 767 3419 830 3460; x_wconf 89' lang='lat' dir='ltr'><strong>non</strong></span> <span class='ocrx_word' id='word_1_224' title='bbox 845 3395 883 3458; x_wconf 93' lang='lat' dir='ltr'><strong>de</strong></span> <span class='ocrx_word' id='word_1_225' title='bbox 899 3395 1021 3479; x_wconf 89' lang='lat' dir='ltr'><strong>sapien·</strong></span> 
     </span>
     <span class='ocr_line' id='line_1_32' title="bbox 90 3456 1080 3672; baseline -0.009 -104"><span class='ocrx_word' id='word_1_226' title='bbox 90 3504 169 3568; x_wconf 92' lang='lat' dir='ltr'><strong>tium</strong></span> <span class='ocrx_word' id='word_1_227' title='bbox 185 3502 239 3570; x_wconf 88' lang='lat' dir='ltr'><strong>sed</strong></span> <span class='ocrx_word' id='word_1_228' title='bbox 254 3501 292 3566; x_wconf 92' lang='lat' dir='ltr'><strong>de</strong></span> <span class='ocrx_word' id='word_1_229' title='bbox 307 3500 524 3568; x_wconf 90' lang='lat' dir='ltr'><strong>communibus</strong></span> <span class='ocrx_word' id='word_1_230' title='bbox 545 3499 739 3564; x_wconf 84' lang='lat' dir='ltr'><strong>amicitiis-</strong></span> <span class='ocrx_word' id='word_1_231' title='bbox 752 3497 924 3563; x_wconf 88' lang='lat' dir='ltr'><strong>cavendum</strong></span> <span class='ocrx_word' id='word_1_232' title='bbox 948 3456 1080 3672; x_wconf 56' lang='lat' dir='ltr'><strong>erit⁴</strong></span> 
     </span>
    </p>
   </div>
   <div class='ocr_carea' id='block_1_4' title="bbox 0 0 1134 3916">
    <p class='ocr_par' dir='ltr' id='par_1_4' title="bbox 0 0 1134 3916">
     <span class='ocr_line' id='line_1_33' title="bbox 0 0 1134 3916; baseline 0 3"><span class='ocrx_word' id='word_1_233' title='bbox 0 0 1134 3916; x_wconf 95' lang='lat' dir='ltr'><strong> </strong></span> 
     </span>
    </p>
   </div>
  </div>
 </body>
</html>
