2258 3916
456 255 459 261 ·
486 221 577 282 CAP.
596 221 652 280 IV.
1010 222 1028 276 ..t

98 392 200 454 clarus
223 411 357 474 anquam
371 390 501 470 fuisses.
559 384 653 467 Quod
677 384 785 450 eodem
808 383 898 448 modo
920 383 957 448 dc
981 406 1028 448 se-

60 475 225 559 nectute
240 500 345 577 potest
365 490 435 554 dici.
483 490 597 573 Neque
619 488 702 553 enim
724 488 757 551 in
780 489 900 552 summa
923 488 1028 572 inopia

98 593 176 658 levis
199 615 264 657 esee
287 601 430 656 senectus
445 602 559 676 potest,
582 611 623 654 ne
645 589 778 673 sapienti
801 589 947 671 quidem3
970 612 1028 654 nec

96 693 256 778 insipienti
282 692 376 756 etiam
408 693 440 755 in
471 691 595 755 summai
624 691 713 775 copia
742 713 806 754 non
835 690 949 775 gravis.
996 701 1025 755 9.

97 793 271 880 Aptissima
296 793 422 857 omnino
436 801 532 867 aunt,
562 790 667 876 Scipio
693 800 725 854 et
751 789 841 867 Laeli,
867 813 952 855 arma
980 813 1027 856 se-

96 896 233 961 nectutis
254 905 335 958 artes
359 893 659 976 exercitationesque
689 892 861 956 virtutum:
895 914 964 975 quae
993 893 1026 956 in

98 998 183 1062 omni
208 1007 299 1072 aetate
329 995 430 1071 cultae,
462 1016 561 1077 quum
590 994 725 1058 multum
755 993 872 1076 didque
901 995 1026 1072 vixeris,

96 1083 244 1162 mirificos
265 1085 399 1162 efferunt
420 1096 560 1170 fructum
583 1117 647 1159 non
661 1095 761 1160 aoldm
777 1095 851 1178 quia
865 1117 1025 1178 nunquam

98 1200 256 1276 deserunt,
282 1222 322 1264 ne
346 1199 379 1262 in
402 1206 542 1263 extremo
565 1196 691 1280 quidem
714 1206 853 1282 ternpore
874 1197 1027 1262 aetatis—
1123 1215 1125 1218 ⁴

98 1323 289 1385 quamquam
318 1300 350 1363 id
379 1299 550 1364 maximum
579 1298 801 1383 amq-verum
830 1298 923 1362 etiam
953 1298 1027 1382 quia

96 1403 284 1468 conscientia
303 1402 384 1467 bene
405 1411 481 1466 actae
501 1401 573 1464 vitae
594 1397 827 1484 multorumque
848 1399 1026 1465 benefacto·

96 1527 167 1570 rum
182 1503 353 1569 recordatio
363 1496 589 1586 jucundissima
604 1511 659 1566 est.

48 1593 78 1748 i]
141 1705 204 1772 IV.
224 1711 272 1770 10.
297 1705 369 1789 Ego
386 1704 427 1786 Q.
446 1703 766 1780 Maximum—cum,
783 1705 838 1789 qui
854 1705 1026 1770 Tarentum
1077 1778 1080 1782 .

97 1805 452 1892 recepit-adolescens
474 1805 519 1868 ita
539 1804 634 1869 dilexi
660 1826 775 1883 senem,
802 1819 839 1871 ut
864 1808 1024 1891 aequalem.
1086 1822 1092 1831 '

98 1909 179 1973 Erat
194 1908 278 1973 enim
293 1909 325 1970 in
341 1906 394 1970 illo
410 1907 477 1971 viro
492 1906 637 1971 comitate
658 1908 783 1972 condita
801 1910 947 1994 gravitate,
968 1931 1027 1973 nec

99 2020 242 2074 senectus
257 2030 357 2071 mores
378 2015 564 2072 mutaverat.
612 2007 813 2091 Quamquam
834 2033 905 2075 eum
928 2011 1026 2074 colere

99 2111 179 2196 coepi
202 2132 266 2172 non
290 2108 456 2173 admoddm
481 2109 630 2192 grandem
654 2121 742 2184 natu,
763 2111 817 2174 sed
837 2122 942 2175 tamen
960 2113 1027 2194 jam

99 2223 192 2278 aetate
213 2221 407 2295 provectum.
453 2209 551 2274 Anno
572 2212 655 2276 enim
674 2211 744 2296 pdet
764 2214 872 2278 consul
891 2215 1027 2298 primum

98 2315 212 2389 fuerat,
229 2313 324 2395 qulam
346 2334 404 2397 ego
423 2321 519 2379 natus
541 2335 628 2389 sum3
652 2335 786 2396 cumque
806 2337 852 2392 eo,
879 2317 1027 2398 quartdm
1057 2367 1060 2375 ,

100 2416 238 2490 consule,
261 2413 512 2478 adolescentulus
533 2414 622 2478 miles
644 2415 804 2498 profectus
827 2417 949 2480 eumad
966 2417 1027 2483 Ca-

100 2541 204 2604 puam,
222 2517 396 2601 quintoque
411 2538 494 2581 anno
509 2516 580 2600 pdet
596 2516 634 2579 ad
652 2516 834 2582 Tarentum.
882 2519 1028 2600 Quaestor

100 2620 213 2685 deinde
239 2618 444 2701 quadriennio
469 2618 539 2702 post
562 2617 663 2681 sactus
686 2641 775 2682 sum:
799 2642 894 2702 quem
915 2623 1029 2707 magis·

99 2733 218 2786 tratum
234 2721 315 2806 gessi
330 2719 508 2784 consulibus
524 2720 681 2784 Tuditano
704 2732 737 2785 et
758 2719 909 2808 Cethego,
919 2745 1029 2806 ‚quum

101 2823 228 2906 quidem
242 2821 304 2896 illo,
321 2821 489 2886 admoddm
504 2843 607 2896 senex,
629 2844 736 2885 suasor
749 2822 846 2907 Legis
863 2823 978 2890 Cinciae
994 2827 1030 2888 de

100 2928 202 2990 Doais
221 2936 251 2989 et
270 2927 452 2989 Muneribus
475 2925 546 2989 fuit.
592 2924 657 2990 Hic
680 2935 713 2990 et
735 2925 817 2990 bella
838 2931 976 3012 gerebat,
993 2940 1030 2993 ut

102 3025 291 3102 adolescens,
303 3048 401 3108 quum
417 3026 507 3110 plane
521 3026 647 3111 grandis
661 3037 755 3100 esset3
773 3039 805 3092 et
818 3028 1031 3095 Hannibalem

98 3127 284 3214 juveniliter
314 3126 508 3192 exultantem
535 3127 686 3211 patientia
712 3128 767 3193 sud
792 3129 968 3197 molliebat:
992 3131 1031 3196 de

102 3250 166 3314 quo
181 3227 325 3312 praeclare
340 3227 499 3291 familiaris
514 3238 620 3293 noster
635 3228 777 3294 Ennius:

196 3355 284 3420 Unus
298 3358 383 3419 homo
399 3358 480 3418 nobis
496 3359 664 3430 cunctando
678 3363 809 3422 restituit
822 3384 907 3438 rem,-

188 3455 261 3520 Noa
270 3458 403 3542 ponebat
417 3459 494 3519 enim
510 3479 644 3520 tremores
661 3469 730 3520 ante
744 3461 890 3524 solertem:

188 3554 277 3642 Eryci
287 3555 417 3642 postque
431 3561 587 3643 maqlsqu'e
602 3562 664 3622 viri
678 3583 758 3624 nunc
773 3565 876 3647 qloria
890 3565 999 3625 claret.

523 3672 542 3711 B
559 3665 574 3710 3
