2258 3916
484 216 573 278 CAP.
589 217 644 276 IV.
982 215 1020 273 45

98 380 147 462 sit.
194 380 252 451 Sin
275 390 379 447 autem
402 381 455 458 illa
480 381 609 459 veriora,
635 390 672 446 ut
696 379 778 445 idem
807 378 952 444 interitus
978 380 1020 443 sit

96 480 270 546 animorum
285 492 316 545 et
332 503 504 565 corporum,
520 503 578 545 nec
591 480 675 544 ullus
689 503 797 543 sensus
812 490 954 554 maneat;
981 489 1020 543 ut
1042 472 1045 479 ’

96 578 173 643 nihil
188 579 261 644 boni
276 589 324 644 est
338 579 371 641 in
392 591 501 656 morte,
523 580 567 658 sic
586 579 670 644 certe
689 578 768 642 nihil
788 578 869 641 mali.
917 577 1020 643 Sensu

96 679 179 743 enim
193 678 314 753 amiss0,
329 676 367 741 fit
381 677 474 755 idem,
489 679 578 761 quasi
592 688 684 742 natus
699 701 762 742 non
777 687 858 742 esset
873 677 1016 742 omnino:

96 800 190 862 quom
212 788 317 842 tamen
339 800 404 841 esse
427 790 536 843 natum
559 788 591 842 et
613 801 669 842 nos
690 778 871 864 gaudemus,
897 787 929 840 et
955 776 1020 840 haec

72 878 213 953 ¹civitas,
238 878 313 941 dum
338 877 406 952 erit,
434 876 598 941 laetabitur.
646 880 695 940 15.
721 875 931 956 Quamobrem
947 896 1019 937 cum

95 977 150 1041 illo
165 978 300 1061 quidem,
316 989 353 1041 ut
368 979 460 1061 supra
475 979 549 1054 dixi,
566 987 670 1042 actum
686 978 800 1061 optime
815 988 880 1052 est3
896 999 1019 1041 mecum

95 1077 339 1152 incommodids3
375 1099 468 1159 quem
492 1077 596 1141 fuerat
622 1078 751 1160 aequius,
785 1087 822 1142 ut
855 1078 941 1161 prius
970 1077 1019 1139 in-

96 1180 252 1254 troieram,
267 1180 311 1243 sic
325 1179 412 1263 prins
428 1179 512 1242 exire
528 1179 566 1242 de
581 1179 655 1242 vitat.
704 1177 765 1244 Sed
788 1190 894 1243 tamen
916 1200 1019 1242 recor·

96 1280 220 1344 datione
243 1289 355 1343 nostrae
381 1279 523 1342 amicitiae
543 1281 587 1343 sic
612 1278 709 1356 fruor,
732 1289 769 1342 ut
793 1279 884 1343 beate
903 1278 1018 1342 vixisse

96 1379 212 1454 videar,
224 1378 297 1461 quia
308 1401 378 1441 cum
393 1376 536 1462 Scipione
550 1377 695 1440 vixerim:
712 1399 845 1459 quocum
858 1376 934 1439 mihi
945 1397 1020 1439 con-

92 1480 203 1563 juncta
217 1501 291 1542 cura
313 1479 351 1542 de
373 1501 406 1542 re
421 1477 546 1562 publica
561 1487 593 1541 et
607 1477 646 1541 de
661 1477 783 1561 privata
798 1477 869 1553 fuit,
884 1497 1018 1559 quocum

96 1588 129 1643 et
152 1579 261 1642 domus
288 1588 320 1642 et
339 1577 451 1641 militia
480 1576 662 1653 eommunis,
693 1586 726 1640 et
743 1577 795 1654 id,
820 1577 853 1639 in
880 1598 942 1658 quo
971 1585 1018 1639 est

96 1679 195 1741 omnis
217 1677 264 1742 vis
283 1677 435 1752 amicitiae,
457 1677 666 1751 voluntatum,
689 1676 873 1752 studiorum,
895 1686 1019 1754 senten-

96 1780 211 1843 tiarum
236 1801 355 1842 summa
381 1778 550 1843 consensio.
596 1777 710 1861 Itaque
730 1801 793 1843 non
813 1789 878 1842 tam
893 1778 953 1840 ista
968 1799 1031 1839 me·

96 1876 262 1960 sapientia,
280 1898 375 1958 quam
390 1876 481 1940 modo
497 1875 637 1940 Fannius
658 1876 918 1953 commemoravit,
937 1876 1039 1991 famap

96 1976 240 2048 delectat,
256 1974 334 2036 falsa
345 1975 525 2056 praesertim,
542 1975 636 2056 quam
651 1974 735 2056 quod
749 1976 891 2038 amicitiae
906 1986 1018 2038 nostrae

96 2071 273 2135 memoriam
296 2093 383 2154 spero
405 2072 621 2155 sempiternam
642 2072 717 2135 fore.
764 2070 866 2155 quue
884 2073 959 2135 mihi
981 2072 1018 2137 ed

96 2171 194 2258 magis
209 2181 257 2236 est
271 2170 366 2247 cordi,
382 2170 467 2255 quod
482 2193 521 2234 ex
536 2171 679 2235 omnibus
694 2171 804 2236 seculis
819 2173 873 2237 vix
888 2173 949 2237 tria
963 2183 1019 2238 aut

96 2281 231 2356 quatuor
245 2269 444 2334 nominantur
461 2270 546 2354 paria
569 2270 754 2334 amicorumt
780 2294 843 2355 quo
858 2273 890 2335 in
905 2295 1018 2358 genere

96 2392 219 2456 sperare
238 2369 344 2434 videor
367 2367 520 2452 Scipionis
544 2378 576 2432 et
603 2368 695 2432 Laelii
720 2371 887 2435 amicitiam
912 2385 1018 2438 notam

95 2469 270 2556 posteritati
284 2467 361 2532 fore.

141 2575 190 2635 16.
215 2570 385 2634 FANNIUS.
431 2569 524 2633 Istud
547 2569 683 2652 quidem,
709 2571 799 2647 Laeli,
826 2571 870 2636 ita
895 2596 1018 2638 necesse

97 2682 151 2736 est.
199 2669 270 2746 Sed,
298 2663 444 2751 quoniam
469 2670 612 2735 amicitiae
636 2672 826 2736 mentionem
849 2672 961 2749 fecisti,
985 2685 1019 2738 et

95 2792 202 2833 sumus
231 2768 332 2843 otiosi,
362 2777 542 2852 pergratum
572 2769 647 2832 mihi
676 2770 794 2848 feceris,
825 2794 914 2856 spero
942 2773 1017 2837 item

98 2866 251 2943 Scaevolae,
276 2866 311 2941 si,
336 2867 596 2948 quemadmodum
619 2868 697 2932 soles
717 2869 755 2933 de
781 2870 890 2934 ceteris
913 2862 1017 2948 ¹rebus,

96 2986 193 3047 quum
217 2987 256 3029 ex
280 2973 313 3028 te
339 2975 532 3046 quaeruntur,
553 2965 598 3030 sic
619 2966 658 3031 de
682 2967 816 3031 amicitia
840 2968 1018 3052 disputdris,

97 3063 172 3148 quid
187 3063 310 3139 sentias,
326 3064 452 3147 qualem
467 3065 635 3140 existimes,
651 3088 721 3150 quae
736 3078 888 3152 praecepta
902 3069 964 3133 des.

70 3245 72 3250 Ι
141 3163 321 3228 Scmvonn.
375 3163 458 3226 Mihi
486 3164 559 3229 vero
588 3176 768 3250 pergratum
798 3168 874 3244 erit3
911 3179 1018 3254 atque,

95 3263 127 3326 id
149 3263 251 3346 ipsum
268 3284 366 3345 quum
388 3267 492 3329 tecum
507 3286 597 3348 agere
612 3287 747 3342 conarer,
763 3266 904 3333 Fannius
931 3281 1019 3334 ante-

95 3362 208 3426 vertit:
249 3361 451 3443 quamobrem
484 3363 611 3448 utrique
641 3365 781 3430 nostrum
809 3385 934 3454 gratum
964 3368 1019 3433 ad-

94 3461 221 3526 modum
236 3460 354 3526 feceris.
