2258 3916
447 187 535 250 CAP.
557 187 646 247 XIX.
799 192 801 199 ’
972 189 1008 247 31

86 351 187 420 babet.
233 353 282 425 At
303 362 351 419 est
373 353 409 418 eb
430 354 556 419 meliore
576 352 752 419 conditione
773 353 866 437 quam
893 351 1011 416 adoles·

85 475 167 530 cens,
190 476 288 538 quum
302 455 344 530 id,
363 453 447 537 quod
468 453 521 518 ille
543 464 656 538 sperat,
672 453 723 519 hic
740 453 807 537 jam
827 461 1011 516 consecutus

85 563 140 616 est.
185 552 245 618 Ille
260 553 328 618 vult
343 552 398 616 diu
413 554 534 629 vivere3
551 553 602 617 hic
621 553 677 617 diu
690 553 779 618 vixit.
826 557 876 616 69.
892 551 997 633 Quam

85 652 219 734 quami
249 652 306 716 Dii
331 651 422 717 bonii
452 652 600 735 quidest
628 652 663 715 in
688 651 822 717 hominis
847 651 914 715 vitia
938 650 1011 714 diui

85 748 138 812 Da
162 751 244 814 enim
265 760 445 835 supremum
474 764 614 835 tempus;
646 759 859 834 exspectemus
886 748 1012 813 Tartes-

85 851 200 914 siorum
221 851 302 936 regis
317 861 456 915 aetatem:
479 850 540 914 fuit
560 850 653 926 enim,
680 861 717 914 ut
739 851 889 934 scriptum
912 849 1011 926 vide0,

86 951 323 1036 Arganthonius
349 952 476 1036 quidam
503 951 656 1029 Gadibus,
683 951 738 1035 qui
763 950 922 1035 octoginta
943 973 1012 1038 reg·

85 1050 173 1114 navit
195 1073 303 1128 annos,
323 1061 450 1116 centum
470 1062 502 1114 et
517 1050 631 1136 viginti
653 1049 742 1114 vixit.
789 1048 851 1115 Sed
873 1049 950 1112 mihi
972 1072 1012 1115 ne

85 1150 277 1214 diuturnum.
298 1142 425 1234 quidem
447 1151 618 1234 quidquam
647 1149 781 1226 videtur,
811 1148 844 1212 in
873 1171 936 1232 quo
965 1161 1013 1215 est

85 1249 203 1333 aliquid
231 1260 419 1340 extremum.¹
463 1250 572 1332 Quum
601 1250 684 1315 enim
711 1249 745 1314 id
773 1250 910 1326 advenit,
936 1260 1013 1316 tunc

85 1349 172 1425 illud,
188 1350 272 1434 quod
285 1351 443 1435 praeteriit,
460 1351 601 1415 effluxit:
619 1358 743 1414 tantum
762 1360 911 1426 remanet,
928 1351 1013 1433 quod

85 1449 202 1516 virtute
217 1463 250 1516 et
263 1451 348 1516 recte
367 1451 458 1516 factis
478 1461 662 1516 consecutus
677 1451 727 1516 sis.
773 1450 870 1515 Hcrae
886 1451 1012 1534 quidem

85 1550 209 1628 cedunt,
224 1561 257 1616 et
278 1551 354 1627 dics,
376 1562 408 1616 et
429 1573 559 1627 menses,
574 1561 608 1616 et
627 1551 719 1627 anni3
740 1573 799 1614 nec
820 1551 1012 1635 praeteritum

84 1661 207 1737 tempus
229 1675 368 1737 unquam
382 1653 568 1728 revertitur3
592 1675 659 1729 nec,
675 1652 752 1737 quid
766 1662 924 1734 sequatur,
940 1650 1012 1716 sciri

84 1761 195 1835 potest.
241 1751 337 1832 Quod
358 1753 471 1837 cuique
490 1753 639 1838 temporis
660 1754 700 1816 ad
721 1753 888 1817 vivendum
908 1752 1011 1828 datur,

85 1876 121 1917 eo
143 1854 236 1918 debet
251 1876 316 1919 esse
336 1849 608 1955 contentusxw.
627 1853 740 1936 Neque
760 1853 844 1917 enim
858 1852 1011 1928 histrioni,

85 1962 121 2015 ut
129 1952 258 2034 placeat,
271 1952 446 2037 peragenda
456 1962 503 2017 est
512 1952 634 2026 fabula3
651 1952 752 2027 modi),
764 1952 798 2015 in
813 1974 1011 2035 quocumque

84 2048 180 2114 fuerit
194 2061 278 2128 actu,
291 2053 458 2134 probetur3
481 2072 539 2114 nec
554 2049 687 2135 sapienti
701 2071 800 2132 usque
815 2050 855 2113 ad
867 2051 1012 2113 Plaudite

85 2147 280 2212 veniendum.
335 2145 439 2238 Breve
467 2146 551 2210 enim
580 2160 702 2230 tempus
731 2146 830 2210 aetatis
859 2146 933 2211 satis
963 2158 1012 2231 est

84 2247 213 2331 longum
234 2247 275 2311 ad
298 2246 378 2312 bene
400 2246 590 2330 honesteque
610 2247 794 2312 vivendum:
816 2247 864 2311 sin
888 2270 1011 2332 proces-

85 2347 159 2411 seris
170 2346 303 2432 lcngids,
319 2369 383 2411 ncn
397 2344 495 2432 magis
506 2346 674 2411 dolendum
688 2356 745 2423 est,
762 2347 855 2430 quam
870 2348 1011 2433 agricolas

84 2446 200 2524 dolent,
226 2447 383 2532 praeteriti
408 2446 496 2513 verni
518 2447 666 2532 temporis
687 2447 849 2523 suavitate,
873 2457 1011 2513 aestatem

84 2556 332 2630 autumnumque
353 2545 483 2610 venisse.
528 2545 596 2611 Ver
610 2546 693 2609 enim
712 2555 871 2629 tamquam
894 2546 1011 2612 adoles·

84 2645 218 2710 centiam
243 2643 408 2730 significat,
431 2645 631 2729 ostenditque
654 2644 774 2709 fructus
798 2643 938 2709 futuros:
962 2668 1011 2710 re-

84 2743 171 2827 liqua
191 2753 332 2828 tempora
357 2743 548 2809 demetendis
572 2743 725 2809 fructibus
749 2755 782 2810 et
806 2744 1011 2831 percipiendis

85 2844 314 2908 accommodata
338 2853 421 2908 sunt.
468 2846 518 2910 71.
546 2843 684 2908 Fructus
713 2855 818 2910 autem
841 2847 1011 2911 senectutis

85 2954 142 3020 est,
157 2954 194 3009 ut
205 2966 284 3028 saepe
299 2944 374 3020 dixi,
390 2944 463 3009 ante
477 2954 636 3030 partorum
649 2947 801 3009 bonorum
815 2947 1011 3012 memoriast

86 3043 181 3127 copia.
226 3043 343 3111 Omnia
361 3045 444 3121 verb,
471 3066 540 3128 quae
566 3042 736 3110 secundum
753 3056 899 3111 naturam
918 3047 1011 3124 fiunt,

86 3150 160 3206 sunt
174 3142 316 3208 habenda
329 3143 363 3207 in
383 3143 481 3208 bonis.
528 3142 615 3224 Quid
629 3154 677 3208 est
694 3154 799 3209 autem
820 3154 887 3211 tam
901 3168 1011 3211 secun·

85 3242 160 3307 dum
175 3252 329 3320 naturam,
345 3245 440 3328 quim
461 3243 586 3309 senibus
601 3244 721 3309 emori?
738 3245 823 3329 quod
836 3245 918 3312 idem
938 3267 1012 3311 con·

84 3343 181 3430 tingit
204 3345 458 3424 adolescentibus,
480 3346 662 3413 adversante
685 3355 718 3413 et
737 3356 933 3434 repugnante
955 3369 1012 3417 nu·
1030 3380 1068 3623 Ι

510 3458 528 3499 c
542 3449 561 3499 4
1031 3490 1034 3495 -
