<?xml version="1.0" encoding="UTF-8"?>
<!DOCTYPE html PUBLIC "-//W3C//DTD XHTML 1.0 Transitional//EN"
    "http://www.w3.org/TR/xhtml1/DTD/xhtml1-transitional.dtd">
<html xmlns="http://www.w3.org/1999/xhtml" xml:lang="en" lang="en">
 <head>
  <title>
</title>
<meta http-equiv="Content-Type" content="text/html;charset=utf-8" />
  <meta name='ocr-system' content='tesseract 3.04.00' />
  <meta name='ocr-capabilities' content='ocr_page ocr_carea ocr_par ocr_line ocrx_word'/>
</head>
<body>
  <div class='ocr_page' id='page_1' title='image "./ciceroscatomajo00whitgoog_0112.png"; bbox 0 0 2258 3916; ppageno 0'>
   <div class='ocr_carea' id='block_1_1' title="bbox 451 214 1027 278">
    <p class='ocr_par' dir='ltr' id='par_1_1' title="bbox 451 214 1027 278">
     <span class='ocr_line' id='line_1_1' title="bbox 451 214 1027 278; baseline 0.005 -3"><span class='ocrx_word' id='word_1_1' title='bbox 451 214 541 275; x_wconf 84' lang='lat' dir='ltr'>CAP.</span> <span class='ocrx_word' id='word_1_2' title='bbox 562 215 680 274; x_wconf 88' lang='lat' dir='ltr'>XXVI.</span> <span class='ocrx_word' id='word_1_3' title='bbox 991 217 1027 278; x_wconf 81' lang='lat'>77</span> 
     </span>
    </p>
   </div>
   <div class='ocr_carea' id='block_1_2' title="bbox 100 368 1123 566">
    <p class='ocr_par' dir='ltr' id='par_1_2' title="bbox 100 368 1123 566">
     <span class='ocr_line' id='line_1_2' title="bbox 101 368 1065 468; baseline 0.002 -23"><span class='ocrx_word' id='word_1_4' title='bbox 101 368 135 445; x_wconf 87' lang='lat' dir='ltr'>in</span> <span class='ocrx_word' id='word_1_5' title='bbox 148 381 211 468; x_wconf 71' lang='lat' dir='ltr'>qut</span> <span class='ocrx_word' id='word_1_6' title='bbox 225 379 318 446; x_wconf 86' lang='lat' dir='ltr'>rebus</span> <span class='ocrx_word' id='word_1_7' title='bbox 333 378 414 444; x_wconf 83' lang='lat' dir='ltr'>fietis</span> <span class='ocrx_word' id='word_1_8' title='bbox 434 389 466 444; x_wconf 92' lang='lat' dir='ltr'>et</span> <span class='ocrx_word' id='word_1_9' title='bbox 486 379 676 445; x_wconf 83' lang='lat' dir='ltr'><strong>adumbratis</strong></span> <span class='ocrx_word' id='word_1_10' title='bbox 698 378 758 444; x_wconf 91' lang='lat' dir='ltr'>looi</span> <span class='ocrx_word' id='word_1_11' title='bbox 780 378 947 465; x_wconf 88' lang='lat' dir='ltr'>plurimum</span> <span class='ocrx_word' id='word_1_12' title='bbox 970 394 1027 460; x_wconf 87' lang='lat' dir='ltr'>est,</span> <span class='ocrx_word' id='word_1_13' title='bbox 1064 456 1065 459; x_wconf 8' lang='grc' dir='ltr'><strong>Ἴ</strong></span> 
     </span>
     <span class='ocr_line' id='line_1_3' title="bbox 100 474 1123 566; baseline -0.001 -19"><span class='ocrx_word' id='word_1_14' title='bbox 100 497 206 548; x_wconf 88' lang='lat' dir='ltr'>tamen</span> <span class='ocrx_word' id='word_1_15' title='bbox 221 503 329 548; x_wconf 90' lang='lat' dir='ltr'>verum</span> <span class='ocrx_word' id='word_1_16' title='bbox 344 480 427 551; x_wconf 83' lang='lat' dir='ltr'>valet</span> <span class='ocrx_word' id='word_1_17' title='bbox 439 481 517 544; x_wconf 89' lang='lat' dir='ltr'>—si</span> <span class='ocrx_word' id='word_1_18' title='bbox 532 481 623 545; x_wconf 80' lang='lat' dir='ltr'>modo</span> <span class='ocrx_word' id='word_1_19' title='bbox 639 481 670 544; x_wconf 89' lang='lat' dir='ltr'>id</span> <span class='ocrx_word' id='word_1_20' title='bbox 686 481 876 566; x_wconf 87' lang='lat' dir='ltr'>patefactum</span> <span class='ocrx_word' id='word_1_21' title='bbox 895 493 926 546; x_wconf 93' lang='lat' dir='ltr'>et</span> <span class='ocrx_word' id='word_1_22' title='bbox 941 482 1028 546; x_wconf 92' lang='lat' dir='ltr'>illus·</span> <span class='ocrx_word' id='word_1_23' title='bbox 1074 474 1123 554; x_wconf 63' lang='lat' dir='ltr'>*is</span> 
     </span>
    </p>
   </div>
   <div class='ocr_carea' id='block_1_3' title="bbox 89 581 1029 2660">
    <p class='ocr_par' dir='ltr' id='par_1_3' title="bbox 89 581 1029 2660">
     <span class='ocr_line' id='line_1_4' title="bbox 99 581 1028 667; baseline -0.001 -19"><span class='ocrx_word' id='word_1_24' title='bbox 99 594 217 648; x_wconf 89' lang='lat' dir='ltr'>tratum</span> <span class='ocrx_word' id='word_1_25' title='bbox 232 595 280 648; x_wconf 90' lang='lat' dir='ltr'>est</span> <span class='ocrx_word' id='word_1_26' title='bbox 294 621 333 631; x_wconf 91' lang='lat'>-</span> <span class='ocrx_word' id='word_1_27' title='bbox 346 581 422 666; x_wconf 91' lang='lat' dir='ltr'>quid</span> <span class='ocrx_word' id='word_1_28' title='bbox 444 581 476 645; x_wconf 91' lang='lat' dir='ltr'>in</span> <span class='ocrx_word' id='word_1_29' title='bbox 493 581 630 646; x_wconf 72' lang='lat' dir='ltr'>amicitiai</span> <span class='ocrx_word' id='word_1_30' title='bbox 644 581 712 646; x_wconf 90' lang='lat' dir='ltr'>fieri</span> <span class='ocrx_word' id='word_1_31' title='bbox 727 593 859 667; x_wconf 84' lang='lat' dir='ltr'>oportet,</span> <span class='ocrx_word' id='word_1_32' title='bbox 877 605 946 666; x_wconf 87' lang='lat' dir='ltr'>quae</span> <span class='ocrx_word' id='word_1_33' title='bbox 962 593 1028 648; x_wconf 88' lang='lat' dir='ltr'>tota</span> 
     </span>
     <span class='ocr_line' id='line_1_5' title="bbox 99 672 1027 767; baseline -0.004 -19"><span class='ocrx_word' id='word_1_34' title='bbox 99 683 231 748; x_wconf 82' lang='lat' dir='ltr'>veritate</span> <span class='ocrx_word' id='word_1_35' title='bbox 243 681 470 766; x_wconf 79' lang='lat' dir='ltr'>perpenditur?</span> <span class='ocrx_word' id='word_1_36' title='bbox 493 680 532 744; x_wconf 94' lang='lat' dir='ltr'>In</span> <span class='ocrx_word' id='word_1_37' title='bbox 545 681 608 764; x_wconf 69' lang='lat' dir='ltr'>qut</span> <span class='ocrx_word' id='word_1_38' title='bbox 619 681 688 758; x_wconf 90' lang='lat' dir='ltr'>nisi,</span> <span class='ocrx_word' id='word_1_39' title='bbox 701 692 738 746; x_wconf 87' lang='lat' dir='ltr'>ut</span> <span class='ocrx_word' id='word_1_40' title='bbox 748 682 873 757; x_wconf 86' lang='lat' dir='ltr'>dieitur,</span> <span class='ocrx_word' id='word_1_41' title='bbox 886 672 1027 767; x_wconf 87' lang='lat' dir='ltr'>apertum</span> 
     </span>
     <span class='ocr_line' id='line_1_6' title="bbox 99 781 1028 868; baseline -0.003 -19"><span class='ocrx_word' id='word_1_42' title='bbox 99 793 209 868; x_wconf 87' lang='lat' dir='ltr'>peetus</span> <span class='ocrx_word' id='word_1_43' title='bbox 230 783 345 858; x_wconf 88' lang='lat' dir='ltr'>videas,</span> <span class='ocrx_word' id='word_1_44' title='bbox 368 791 523 864; x_wconf 90' lang='lat' dir='ltr'>tuumque</span> <span class='ocrx_word' id='word_1_45' title='bbox 545 782 697 858; x_wconf 89' lang='lat' dir='ltr'>ostendas,</span> <span class='ocrx_word' id='word_1_46' title='bbox 720 781 799 844; x_wconf 89' lang='lat' dir='ltr'>nihil</span> <span class='ocrx_word' id='word_1_47' title='bbox 819 781 927 858; x_wconf 89' lang='lat' dir='ltr'>fidum,</span> <span class='ocrx_word' id='word_1_48' title='bbox 949 782 1028 846; x_wconf 88' lang='lat' dir='ltr'>nihil</span> 
     </span>
     <span class='ocr_line' id='line_1_7' title="bbox 99 880 1024 968; baseline -0.002 -22"><span class='ocrx_word' id='word_1_49' title='bbox 99 883 294 968; x_wconf 88' lang='lat' dir='ltr'>exploratum</span> <span class='ocrx_word' id='word_1_50' title='bbox 316 881 446 956; x_wconf 84' lang='lat' dir='ltr'>habeas3</span> <span class='ocrx_word' id='word_1_51' title='bbox 478 903 517 944; x_wconf 90' lang='lat' dir='ltr'>ne</span> <span class='ocrx_word' id='word_1_52' title='bbox 546 903 649 945; x_wconf 88' lang='lat' dir='ltr'>amare</span> <span class='ocrx_word' id='word_1_53' title='bbox 675 880 802 963; x_wconf 87' lang='lat' dir='ltr'>quidem</span> <span class='ocrx_word' id='word_1_54' title='bbox 828 891 884 946; x_wconf 88' lang='lat' dir='ltr'>aut</span> <span class='ocrx_word' id='word_1_55' title='bbox 906 882 1003 945; x_wconf 88' lang='lat' dir='ltr'>amari</span> <span class='ocrx_word' id='word_1_56' title='bbox 1012 906 1024 957; x_wconf 91' lang='lat'>·;</span> 
     </span>
     <span class='ocr_line' id='line_1_8' title="bbox 100 978 1027 1064; baseline 0 -20"><span class='ocrx_word' id='word_1_57' title='bbox 100 1003 199 1064; x_wconf 92' lang='lat' dir='ltr'>quum</span> <span class='ocrx_word' id='word_1_58' title='bbox 213 979 255 1054; x_wconf 88' lang='lat' dir='ltr'>id,</span> <span class='ocrx_word' id='word_1_59' title='bbox 272 979 366 1063; x_wconf 74' lang='lat' dir='ltr'>quam</span> <span class='ocrx_word' id='word_1_60' title='bbox 386 978 457 1042; x_wconf 74' lang='lat' dir='ltr'>vere</span> <span class='ocrx_word' id='word_1_61' title='bbox 479 979 544 1053; x_wconf 87' lang='lat' dir='ltr'>fiat,</span> <span class='ocrx_word' id='word_1_62' title='bbox 566 978 698 1062; x_wconf 84' lang='lat' dir='ltr'>ignores.</span> <span class='ocrx_word' id='word_1_63' title='bbox 746 978 946 1063; x_wconf 79' lang='lat' dir='ltr'>Quamquam</span> <span class='ocrx_word' id='word_1_64' title='bbox 968 980 1027 1044; x_wconf 89' lang='lat' dir='ltr'>ista</span> 
     </span>
     <span class='ocr_line' id='line_1_9' title="bbox 91 1076 1026 1160; baseline 0 -19"><span class='ocrx_word' id='word_1_65' title='bbox 91 1077 275 1153; x_wconf 68' lang='lat' dir='ltr'>assentatio,</span> <span class='ocrx_word' id='word_1_66' title='bbox 313 1076 455 1159; x_wconf 88' lang='lat' dir='ltr'>quamvis</span> <span class='ocrx_word' id='word_1_67' title='bbox 491 1076 665 1160; x_wconf 82' lang='lat' dir='ltr'>perniciosa</span> <span class='ocrx_word' id='word_1_68' title='bbox 699 1076 750 1151; x_wconf 91' lang='lat' dir='ltr'>sit,</span> <span class='ocrx_word' id='word_1_69' title='bbox 783 1097 894 1141; x_wconf 89' lang='lat' dir='ltr'>nooere</span> <span class='ocrx_word' id='word_1_70' title='bbox 922 1089 1026 1142; x_wconf 88' lang='lat' dir='ltr'>tamen</span> 
     </span>
     <span class='ocr_line' id='line_1_10' title="bbox 99 1175 1025 1262; baseline 0.001 -21"><span class='ocrx_word' id='word_1_71' title='bbox 99 1176 216 1241; x_wconf 91' lang='lat' dir='ltr'>nemini</span> <span class='ocrx_word' id='word_1_72' title='bbox 245 1185 358 1262; x_wconf 90' lang='lat' dir='ltr'>potest,</span> <span class='ocrx_word' id='word_1_73' title='bbox 388 1175 449 1239; x_wconf 92' lang='lat' dir='ltr'>nisi</span> <span class='ocrx_word' id='word_1_74' title='bbox 477 1176 515 1250; x_wconf 92' lang='lat' dir='ltr'>ei,</span> <span class='ocrx_word' id='word_1_75' title='bbox 548 1175 604 1258; x_wconf 92' lang='lat' dir='ltr'>qui</span> <span class='ocrx_word' id='word_1_76' title='bbox 629 1197 698 1239; x_wconf 90' lang='lat' dir='ltr'>eam</span> <span class='ocrx_word' id='word_1_77' title='bbox 728 1175 839 1260; x_wconf 82' lang='lat' dir='ltr'>recipit</span> <span class='ocrx_word' id='word_1_78' title='bbox 865 1188 960 1260; x_wconf 88' lang='lat' dir='ltr'>atque</span> <span class='ocrx_word' id='word_1_79' title='bbox 990 1179 1025 1242; x_wconf 74' lang='lat' dir='ltr'>esi</span> 
     </span>
     <span class='ocr_line' id='line_1_11' title="bbox 99 1273 1026 1359; baseline -0.001 -19"><span class='ocrx_word' id='word_1_80' title='bbox 99 1277 281 1358; x_wconf 84' lang='lat' dir='ltr'>delectatur.</span> <span class='ocrx_word' id='word_1_81' title='bbox 327 1275 380 1339; x_wconf 91' lang='lat' dir='ltr'>Ita</span> <span class='ocrx_word' id='word_1_82' title='bbox 405 1276 453 1351; x_wconf 89' lang='lat' dir='ltr'>fit,</span> <span class='ocrx_word' id='word_1_83' title='bbox 476 1285 514 1338; x_wconf 91' lang='lat' dir='ltr'>ut</span> <span class='ocrx_word' id='word_1_84' title='bbox 539 1274 565 1338; x_wconf 91' lang='lat' dir='ltr'>is</span> <span class='ocrx_word' id='word_1_85' title='bbox 591 1273 834 1358; x_wconf 81' lang='lat' dir='ltr'>assentatoribus</span> <span class='ocrx_word' id='word_1_86' title='bbox 860 1274 1026 1359; x_wconf 84' lang='lat' dir='ltr'>patefaciat</span> 
     </span>
     <span class='ocr_line' id='line_1_12' title="bbox 99 1366 1026 1458; baseline 0 -20"><span class='ocrx_word' id='word_1_87' title='bbox 99 1397 189 1440; x_wconf 89' lang='lat' dir='ltr'>aures</span> <span class='ocrx_word' id='word_1_88' title='bbox 210 1397 281 1439; x_wconf 90' lang='lat' dir='ltr'>suas</span> <span class='ocrx_word' id='word_1_89' title='bbox 302 1373 446 1449; x_wconf 74' lang='lat' dir='ltr'>maxime,</span> <span class='ocrx_word' id='word_1_90' title='bbox 470 1366 526 1456; x_wconf 88' lang='lat' dir='ltr'>qui</span> <span class='ocrx_word' id='word_1_91' title='bbox 551 1373 618 1458; x_wconf 91' lang='lat' dir='ltr'>ipse</span> <span class='ocrx_word' id='word_1_92' title='bbox 643 1372 702 1438; x_wconf 91' lang='lat' dir='ltr'>sibi</span> <span class='ocrx_word' id='word_1_93' title='bbox 728 1383 902 1438; x_wconf 79' lang='lat' dir='ltr'>assentetur</span> <span class='ocrx_word' id='word_1_94' title='bbox 932 1384 964 1438; x_wconf 91' lang='lat' dir='ltr'>et</span> <span class='ocrx_word' id='word_1_95' title='bbox 994 1397 1026 1438; x_wconf 87' lang='lat' dir='ltr'>se</span> 
     </span>
     <span class='ocr_line' id='line_1_13' title="bbox 100 1472 1027 1561; baseline -0.001 -21"><span class='ocrx_word' id='word_1_96' title='bbox 100 1475 234 1540; x_wconf 77' lang='lat' dir='ltr'>maxime</span> <span class='ocrx_word' id='word_1_97' title='bbox 259 1475 325 1561; x_wconf 86' lang='lat' dir='ltr'>ipse</span> <span class='ocrx_word' id='word_1_98' title='bbox 349 1473 499 1539; x_wconf 72' lang='lat' dir='ltr'>delectet:</span> <span class='ocrx_word' id='word_1_99' title='bbox 547 1479 597 1538; x_wconf 87' lang='lat'>98.</span> <span class='ocrx_word' id='word_1_100' title='bbox 622 1472 759 1539; x_wconf 87' lang='lat' dir='ltr'>Omnino</span> <span class='ocrx_word' id='word_1_101' title='bbox 781 1484 828 1538; x_wconf 91' lang='lat' dir='ltr'>est</span> <span class='ocrx_word' id='word_1_102' title='bbox 850 1497 956 1539; x_wconf 90' lang='lat' dir='ltr'>amans</span> <span class='ocrx_word' id='word_1_103' title='bbox 979 1476 1027 1539; x_wconf 84' lang='lat' dir='ltr'>sui</span> 
     </span>
     <span class='ocr_line' id='line_1_14' title="bbox 100 1574 1026 1661; baseline -0.002 -21"><span class='ocrx_word' id='word_1_104' title='bbox 100 1576 217 1640; x_wconf 73' lang='lat' dir='ltr'>vimus:</span> <span class='ocrx_word' id='word_1_105' title='bbox 241 1575 358 1661; x_wconf 75' lang='lat' dir='ltr'>optime</span> <span class='ocrx_word' id='word_1_106' title='bbox 373 1575 456 1640; x_wconf 90' lang='lat' dir='ltr'>enim</span> <span class='ocrx_word' id='word_1_107' title='bbox 471 1597 504 1640; x_wconf 92' lang='lat' dir='ltr'>se</span> <span class='ocrx_word' id='word_1_108' title='bbox 518 1574 585 1660; x_wconf 91' lang='lat' dir='ltr'>ipsa</span> <span class='ocrx_word' id='word_1_109' title='bbox 599 1574 697 1650; x_wconf 90' lang='lat' dir='ltr'>novit,</span> <span class='ocrx_word' id='word_1_110' title='bbox 714 1575 870 1658; x_wconf 71' lang='lat' dir='ltr'>quamque</span> <span class='ocrx_word' id='word_1_111' title='bbox 886 1575 1026 1652; x_wconf 88' lang='lat' dir='ltr'>amabilis</span> 
     </span>
     <span class='ocr_line' id='line_1_15' title="bbox 93 1675 1025 1762; baseline -0.004 -20"><span class='ocrx_word' id='word_1_112' title='bbox 93 1677 141 1742; x_wconf 69' lang='lat' dir='ltr'>&#39;sit</span> <span class='ocrx_word' id='word_1_113' title='bbox 155 1676 322 1762; x_wconf 82' lang='lat' dir='ltr'>intelligit:</span> <span class='ocrx_word' id='word_1_114' title='bbox 351 1697 410 1761; x_wconf 83' lang='lat' dir='ltr'>ego</span> <span class='ocrx_word' id='word_1_115' title='bbox 425 1685 530 1740; x_wconf 90' lang='lat' dir='ltr'>autem</span> <span class='ocrx_word' id='word_1_116' title='bbox 541 1698 605 1740; x_wconf 92' lang='lat' dir='ltr'>non</span> <span class='ocrx_word' id='word_1_117' title='bbox 620 1675 659 1739; x_wconf 90' lang='lat' dir='ltr'>de</span> <span class='ocrx_word' id='word_1_118' title='bbox 671 1675 791 1740; x_wconf 88' lang='lat' dir='ltr'>virtute</span> <span class='ocrx_word' id='word_1_119' title='bbox 806 1698 890 1741; x_wconf 92' lang='lat' dir='ltr'>nuno</span> <span class='ocrx_word' id='word_1_120' title='bbox 904 1677 1025 1760; x_wconf 91' lang='lat' dir='ltr'>loquor,</span> 
     </span>
     <span class='ocr_line' id='line_1_16' title="bbox 89 1774 1027 1860; baseline 0.006 -25"><span class='ocrx_word' id='word_1_121' title='bbox 89 1776 155 1842; x_wconf 84' lang='lat' dir='ltr'>sed</span> <span class='ocrx_word' id='word_1_122' title='bbox 170 1776 209 1842; x_wconf 91' lang='lat' dir='ltr'>de</span> <span class='ocrx_word' id='word_1_123' title='bbox 224 1774 350 1842; x_wconf 86' lang='lat' dir='ltr'>virtutis</span> <span class='ocrx_word' id='word_1_124' title='bbox 361 1774 514 1860; x_wconf 88' lang='lat' dir='ltr'>opinione.</span> <span class='ocrx_word' id='word_1_125' title='bbox 561 1775 691 1841; x_wconf 88' lang='lat' dir='ltr'>Virtute</span> <span class='ocrx_word' id='word_1_126' title='bbox 706 1775 789 1839; x_wconf 91' lang='lat' dir='ltr'>enim</span> <span class='ocrx_word' id='word_1_127' title='bbox 803 1775 871 1860; x_wconf 75' lang='lat' dir='ltr'>ipsit</span> <span class='ocrx_word' id='word_1_128' title='bbox 885 1798 948 1840; x_wconf 93' lang='lat' dir='ltr'>non</span> <span class='ocrx_word' id='word_1_129' title='bbox 963 1787 1027 1841; x_wconf 90' lang='lat' dir='ltr'>tam</span> 
     </span>
     <span class='ocr_line' id='line_1_17' title="bbox 90 1873 1026 1961; baseline -0.001 -21"><span class='ocrx_word' id='word_1_130' title='bbox 90 1875 193 1941; x_wconf 38' lang='lat' dir='ltr'>&gt;multi</span> <span class='ocrx_word' id='word_1_131' title='bbox 207 1875 328 1961; x_wconf 86' lang='lat' dir='ltr'>praediti</span> <span class='ocrx_word' id='word_1_132' title='bbox 344 1897 409 1941; x_wconf 89' lang='lat' dir='ltr'>esse</span> <span class='ocrx_word' id='word_1_133' title='bbox 424 1877 520 1958; x_wconf 76' lang='lat' dir='ltr'>quam</span> <span class='ocrx_word' id='word_1_134' title='bbox 534 1874 634 1940; x_wconf 82' lang='lat' dir='ltr'>videri</span> <span class='ocrx_word' id='word_1_135' title='bbox 648 1873 767 1939; x_wconf 83' lang='lat' dir='ltr'>volunt</span> <span class='ocrx_word' id='word_1_136' title='bbox 808 1874 878 1939; x_wconf 88' lang='lat' dir='ltr'>Hos</span> <span class='ocrx_word' id='word_1_137' title='bbox 893 1876 1026 1941; x_wconf 86' lang='lat' dir='ltr'>delectat</span> 
     </span>
     <span class='ocr_line' id='line_1_18' title="bbox 90 1971 1027 2057; baseline -0.001 -19"><span class='ocrx_word' id='word_1_138' title='bbox 90 1973 284 2038; x_wconf 82' lang='lat' dir='ltr'>assentatio:</span> <span class='ocrx_word' id='word_1_139' title='bbox 308 1972 356 2036; x_wconf 92' lang='lat' dir='ltr'>his</span> <span class='ocrx_word' id='word_1_140' title='bbox 377 1973 469 2037; x_wconf 87' lang='lat' dir='ltr'>fietus</span> <span class='ocrx_word' id='word_1_141' title='bbox 491 1972 531 2036; x_wconf 88' lang='lat' dir='ltr'>ad</span> <span class='ocrx_word' id='word_1_142' title='bbox 552 1971 690 2057; x_wconf 85' lang='lat' dir='ltr'>ipsorum</span> <span class='ocrx_word' id='word_1_143' title='bbox 710 1971 904 2036; x_wconf 83' lang='lat' dir='ltr'>voluntatem</span> <span class='ocrx_word' id='word_1_144' title='bbox 927 1995 1027 2038; x_wconf 89' lang='lat' dir='ltr'>sermo</span> 
     </span>
     <span class='ocr_line' id='line_1_19' title="bbox 93 2071 1027 2157; baseline 0.001 -22"><span class='ocrx_word' id='word_1_145' title='bbox 93 2095 200 2157; x_wconf 77' lang='lat' dir='ltr'>,quum</span> <span class='ocrx_word' id='word_1_146' title='bbox 214 2072 388 2149; x_wconf 86' lang='lat' dir='ltr'>adhibetur,</span> <span class='ocrx_word' id='word_1_147' title='bbox 404 2072 576 2136; x_wconf 90' lang='lat' dir='ltr'>orationem</span> <span class='ocrx_word' id='word_1_148' title='bbox 588 2071 674 2136; x_wconf 85' lang='lat' dir='ltr'>illam</span> <span class='ocrx_word' id='word_1_149' title='bbox 689 2093 800 2136; x_wconf 90' lang='lat' dir='ltr'>vanam</span> <span class='ocrx_word' id='word_1_150' title='bbox 809 2072 1027 2136; x_wconf 70' lang='lat' dir='ltr'>‚testimonium</span> 
     </span>
     <span class='ocr_line' id='line_1_20' title="bbox 101 2172 1028 2258; baseline 0.002 -21"><span class='ocrx_word' id='word_1_151' title='bbox 101 2195 168 2238; x_wconf 89' lang='lat' dir='ltr'>esse</span> <span class='ocrx_word' id='word_1_152' title='bbox 193 2172 320 2237; x_wconf 88' lang='lat' dir='ltr'>laudum</span> <span class='ocrx_word' id='word_1_153' title='bbox 346 2194 472 2237; x_wconf 90' lang='lat' dir='ltr'>suarum</span> <span class='ocrx_word' id='word_1_154' title='bbox 487 2182 609 2257; x_wconf 89' lang='lat' dir='ltr'>putant.</span> <span class='ocrx_word' id='word_1_155' title='bbox 655 2172 754 2237; x_wconf 87' lang='lat' dir='ltr'>Nulla</span> <span class='ocrx_word' id='word_1_156' title='bbox 775 2183 822 2237; x_wconf 92' lang='lat' dir='ltr'>est</span> <span class='ocrx_word' id='word_1_157' title='bbox 844 2173 942 2258; x_wconf 86' lang='lat' dir='ltr'>igitur</span> <span class='ocrx_word' id='word_1_158' title='bbox 963 2174 1028 2239; x_wconf 87' lang='lat' dir='ltr'>haee</span> 
     </span>
     <span class='ocr_line' id='line_1_21' title="bbox 101 2272 1028 2358; baseline 0.002 -20"><span class='ocrx_word' id='word_1_159' title='bbox 101 2273 247 2350; x_wconf 84' lang='lat' dir='ltr'>amicitia,</span> <span class='ocrx_word' id='word_1_160' title='bbox 271 2295 369 2358; x_wconf 91' lang='lat' dir='ltr'>quum</span> <span class='ocrx_word' id='word_1_161' title='bbox 384 2273 464 2338; x_wconf 89' lang='lat' dir='ltr'>alter</span> <span class='ocrx_word' id='word_1_162' title='bbox 478 2296 587 2339; x_wconf 90' lang='lat' dir='ltr'>verum</span> <span class='ocrx_word' id='word_1_163' title='bbox 601 2272 707 2338; x_wconf 89' lang='lat' dir='ltr'>audire</span> <span class='ocrx_word' id='word_1_164' title='bbox 722 2296 786 2337; x_wconf 90' lang='lat' dir='ltr'>non</span> <span class='ocrx_word' id='word_1_165' title='bbox 800 2274 880 2351; x_wconf 90' lang='lat' dir='ltr'>vult,</span> <span class='ocrx_word' id='word_1_166' title='bbox 896 2274 974 2340; x_wconf 89' lang='lat' dir='ltr'>alter</span> <span class='ocrx_word' id='word_1_167' title='bbox 989 2276 1028 2340; x_wconf 85' lang='lat' dir='ltr'>ad</span> 
     </span>
     <span class='ocr_line' id='line_1_22' title="bbox 101 2374 1028 2461; baseline 0.003 -21"><span class='ocrx_word' id='word_1_168' title='bbox 101 2374 315 2440; x_wconf 90' lang='lat' dir='ltr'>mentiendum</span> <span class='ocrx_word' id='word_1_169' title='bbox 340 2386 466 2461; x_wconf 90' lang='lat' dir='ltr'>paratus</span> <span class='ocrx_word' id='word_1_170' title='bbox 488 2387 545 2440; x_wconf 90' lang='lat' dir='ltr'>est.</span> <span class='ocrx_word' id='word_1_171' title='bbox 592 2375 661 2440; x_wconf 89' lang='lat' dir='ltr'>Neo</span> <span class='ocrx_word' id='word_1_172' title='bbox 682 2375 886 2460; x_wconf 89' lang='lat' dir='ltr'>parasitorum</span> <span class='ocrx_word' id='word_1_173' title='bbox 908 2376 942 2440; x_wconf 92' lang='lat' dir='ltr'>in</span> <span class='ocrx_word' id='word_1_174' title='bbox 965 2376 1028 2443; x_wconf 88' lang='lat' dir='ltr'>Co·</span> 
     </span>
     <span class='ocr_line' id='line_1_23' title="bbox 102 2475 1029 2552; baseline 0.005 -14"><span class='ocrx_word' id='word_1_175' title='bbox 102 2475 221 2541; x_wconf 75' lang='lat' dir='ltr'>mediis</span> <span class='ocrx_word' id='word_1_176' title='bbox 235 2477 402 2543; x_wconf 83' lang='lat' dir='ltr'>assentatio</span> <span class='ocrx_word' id='word_1_177' title='bbox 424 2476 513 2542; x_wconf 91' lang='lat' dir='ltr'>nobis</span> <span class='ocrx_word' id='word_1_178' title='bbox 532 2476 633 2542; x_wconf 78' lang='lat' dir='ltr'>faceta</span> <span class='ocrx_word' id='word_1_179' title='bbox 654 2476 821 2552; x_wconf 88' lang='lat' dir='ltr'>videretur,</span> <span class='ocrx_word' id='word_1_180' title='bbox 844 2477 904 2544; x_wconf 88' lang='lat' dir='ltr'>nisi</span> <span class='ocrx_word' id='word_1_181' title='bbox 925 2489 1029 2544; x_wconf 88' lang='lat' dir='ltr'>essent</span> 
     </span>
     <span class='ocr_line' id='line_1_24' title="bbox 101 2573 363 2660; baseline 0.011 -23"><span class='ocrx_word' id='word_1_182' title='bbox 101 2573 215 2639; x_wconf 88' lang='lat' dir='ltr'>milites</span> <span class='ocrx_word' id='word_1_183' title='bbox 229 2573 363 2660; x_wconf 87' lang='lat' dir='ltr'>gloriosi.</span> 
     </span>
    </p>
   </div>
   <div class='ocr_carea' id='block_1_4' title="bbox 224 2719 907 2806">
    <p class='ocr_par' dir='ltr' id='par_1_4' title="bbox 224 2719 907 2806">
     <span class='ocr_line' id='line_1_25' title="bbox 224 2719 907 2806; baseline 0.006 -22"><span class='ocrx_word' id='word_1_184' title='bbox 224 2723 362 2805; x_wconf 71' lang='lat' dir='ltr'>Mopsus</span> <span class='ocrx_word' id='word_1_185' title='bbox 376 2719 444 2784; x_wconf 74' lang='lat' dir='ltr'>verri</span> <span class='ocrx_word' id='word_1_186' title='bbox 460 2744 548 2806; x_wconf 72' lang='lat' dir='ltr'>apere</span> <span class='ocrx_word' id='word_1_187' title='bbox 558 2725 681 2806; x_wconf 72' lang='lat' dir='ltr'>pretias</span> <span class='ocrx_word' id='word_1_188' title='bbox 697 2724 795 2785; x_wconf 74' lang='lat' dir='ltr'>Thais</span> <span class='ocrx_word' id='word_1_189' title='bbox 809 2725 884 2787; x_wconf 78' lang='lat' dir='ltr'>miti</span> <span class='ocrx_word' id='word_1_190' title='bbox 891 2731 907 2789; x_wconf 59' lang='grc' dir='ltr'><strong><em>θ</em></strong></span> 
     </span>
    </p>
   </div>
   <div class='ocr_carea' id='block_1_5' title="bbox 101 2877 1028 3463">
    <p class='ocr_par' dir='ltr' id='par_1_5' title="bbox 101 2877 1028 3463">
     <span class='ocr_line' id='line_1_26' title="bbox 104 2877 1026 2968; baseline 0.005 -23"><span class='ocrx_word' id='word_1_191' title='bbox 104 2877 188 2946; x_wconf 84' lang='lat' dir='ltr'>Satis</span> <span class='ocrx_word' id='word_1_192' title='bbox 216 2888 283 2944; x_wconf 89' lang='lat' dir='ltr'>erat</span> <span class='ocrx_word' id='word_1_193' title='bbox 312 2878 507 2964; x_wconf 86' lang='lat' dir='ltr'>respondere,</span> <span class='ocrx_word' id='word_1_194' title='bbox 538 2880 697 2964; x_wconf 73' lang='lat' dir='ltr'>Mopsus.-</span> <span class='ocrx_word' id='word_1_195' title='bbox 733 2881 881 2966; x_wconf 73' lang='lat' dir='ltr'>Inpentes,</span> <span class='ocrx_word' id='word_1_196' title='bbox 912 2883 1026 2968; x_wconf 91' lang='lat' dir='ltr'>inquit.</span> 
     </span>
     <span class='ocr_line' id='line_1_27' title="bbox 104 2978 1028 3064; baseline 0.005 -20"><span class='ocrx_word' id='word_1_197' title='bbox 104 2979 234 3064; x_wconf 88' lang='lat' dir='ltr'>Semper</span> <span class='ocrx_word' id='word_1_198' title='bbox 248 2991 344 3064; x_wconf 88' lang='lat' dir='ltr'>auget</span> <span class='ocrx_word' id='word_1_199' title='bbox 357 2988 529 3043; x_wconf 86' lang='lat' dir='ltr'>assentator</span> <span class='ocrx_word' id='word_1_200' title='bbox 544 2978 585 3055; x_wconf 87' lang='lat' dir='ltr'>id,</span> <span class='ocrx_word' id='word_1_201' title='bbox 602 2979 686 3063; x_wconf 89' lang='lat' dir='ltr'>quod</span> <span class='ocrx_word' id='word_1_202' title='bbox 701 2979 738 3056; x_wconf 89' lang='lat' dir='ltr'>is,</span> <span class='ocrx_word' id='word_1_203' title='bbox 760 2981 848 3064; x_wconf 87' lang='lat' dir='ltr'>cujus</span> <span class='ocrx_word' id='word_1_204' title='bbox 862 2982 901 3046; x_wconf 89' lang='lat' dir='ltr'>ad</span> <span class='ocrx_word' id='word_1_205' title='bbox 917 2985 1028 3049; x_wconf 86' lang='lat' dir='ltr'>volun-</span> 
     </span>
     <span class='ocr_line' id='line_1_28' title="bbox 103 3077 1026 3164; baseline 0.005 -21"><span class='ocrx_word' id='word_1_206' title='bbox 103 3090 199 3143; x_wconf 86' lang='lat' dir='ltr'>tatem</span> <span class='ocrx_word' id='word_1_207' title='bbox 214 3078 337 3155; x_wconf 82' lang='lat' dir='ltr'>dieitur,</span> <span class='ocrx_word' id='word_1_208' title='bbox 353 3077 423 3144; x_wconf 86' lang='lat' dir='ltr'>vult</span> <span class='ocrx_word' id='word_1_209' title='bbox 438 3100 504 3143; x_wconf 90' lang='lat' dir='ltr'>esse</span> <span class='ocrx_word' id='word_1_210' title='bbox 526 3101 682 3164; x_wconf 84' lang='lat' dir='ltr'>magnum.</span> <span class='ocrx_word' id='word_1_211' title='bbox 729 3084 779 3145; x_wconf 87' lang='lat'>99.</span> <span class='ocrx_word' id='word_1_212' title='bbox 805 3080 1026 3162; x_wconf 80' lang='lat' dir='ltr'>Quamobrem,</span> 
     </span>
     <span class='ocr_line' id='line_1_29' title="bbox 102 3176 1027 3270; baseline 0.01 -28"><span class='ocrx_word' id='word_1_213' title='bbox 102 3178 244 3263; x_wconf 89' lang='lat' dir='ltr'>quamvis</span> <span class='ocrx_word' id='word_1_214' title='bbox 258 3176 371 3245; x_wconf 88' lang='lat' dir='ltr'>blanda</span> <span class='ocrx_word' id='word_1_215' title='bbox 384 3178 443 3243; x_wconf 86' lang='lat' dir='ltr'>ista</span> <span class='ocrx_word' id='word_1_216' title='bbox 458 3178 579 3243; x_wconf 88' lang='lat' dir='ltr'>vanitas</span> <span class='ocrx_word' id='word_1_217' title='bbox 593 3179 676 3263; x_wconf 87' lang='lat' dir='ltr'>apud</span> <span class='ocrx_word' id='word_1_218' title='bbox 691 3201 743 3244; x_wconf 90' lang='lat' dir='ltr'>eos</span> <span class='ocrx_word' id='word_1_219' title='bbox 757 3181 868 3259; x_wconf 84' lang='lat' dir='ltr'>valeat,</span> <span class='ocrx_word' id='word_1_220' title='bbox 892 3184 947 3268; x_wconf 91' lang='lat' dir='ltr'>qui</span> <span class='ocrx_word' id='word_1_221' title='bbox 968 3186 1027 3270; x_wconf 89' lang='lat' dir='ltr'>ipsi</span> 
     </span>
     <span class='ocr_line' id='line_1_30' title="bbox 101 3277 1028 3368; baseline 0.012 -26"><span class='ocrx_word' id='word_1_222' title='bbox 101 3278 187 3342; x_wconf 89' lang='lat' dir='ltr'>illam</span> <span class='ocrx_word' id='word_1_223' title='bbox 215 3277 361 3343; x_wconf 85' lang='lat' dir='ltr'>allectant</span> <span class='ocrx_word' id='word_1_224' title='bbox 390 3287 422 3343; x_wconf 93' lang='lat' dir='ltr'>et</span> <span class='ocrx_word' id='word_1_225' title='bbox 450 3277 596 3355; x_wconf 88' lang='lat' dir='ltr'>invitant,</span> <span class='ocrx_word' id='word_1_226' title='bbox 622 3290 729 3344; x_wconf 86' lang='lat' dir='ltr'>tamen</span> <span class='ocrx_word' id='word_1_227' title='bbox 754 3281 848 3346; x_wconf 89' lang='lat' dir='ltr'>etiam</span> <span class='ocrx_word' id='word_1_228' title='bbox 870 3285 1028 3368; x_wconf 83' lang='lat' dir='ltr'>graviores</span> 
     </span>
     <span class='ocr_line' id='line_1_31' title="bbox 101 3377 1027 3463; baseline 0.008 -20"><span class='ocrx_word' id='word_1_229' title='bbox 101 3377 387 3463; x_wconf 83' lang='lat' dir='ltr'>constantioresque</span> <span class='ocrx_word' id='word_1_230' title='bbox 415 3378 601 3444; x_wconf 88' lang='lat' dir='ltr'>admonendi</span> <span class='ocrx_word' id='word_1_231' title='bbox 629 3390 713 3457; x_wconf 89' lang='lat' dir='ltr'>sunt,</span> <span class='ocrx_word' id='word_1_232' title='bbox 739 3391 776 3446; x_wconf 94' lang='lat' dir='ltr'>ut</span> <span class='ocrx_word' id='word_1_233' title='bbox 804 3383 944 3448; x_wconf 88' lang='lat' dir='ltr'>animum</span> <span class='ocrx_word' id='word_1_234' title='bbox 973 3387 1027 3451; x_wconf 89' lang='lat' dir='ltr'>ad·</span> 
     </span>
    </p>
   </div>
   <div class='ocr_carea' id='block_1_6' title="bbox 101 3477 1027 3629">
    <p class='ocr_par' dir='ltr' id='par_1_6' title="bbox 101 3477 1027 3629">
     <span class='ocr_line' id='line_1_32' title="bbox 101 3477 1027 3572; baseline 0.009 -30"><span class='ocrx_word' id='word_1_235' title='bbox 101 3487 235 3556; x_wconf 84' lang='lat' dir='ltr'>vertant,</span> <span class='ocrx_word' id='word_1_236' title='bbox 259 3499 299 3542; x_wconf 90' lang='lat' dir='ltr'>ne</span> <span class='ocrx_word' id='word_1_237' title='bbox 323 3477 434 3544; x_wconf 71' lang='lat' dir='ltr'>aalide</span> <span class='ocrx_word' id='word_1_238' title='bbox 456 3478 662 3546; x_wconf 86' lang='lat' dir='ltr'>assentatione</span> <span class='ocrx_word' id='word_1_239' title='bbox 688 3481 860 3568; x_wconf 78' lang='lat' dir='ltr'>capiantur.</span> <span class='ocrx_word' id='word_1_240' title='bbox 906 3485 1027 3572; x_wconf 69' lang='lat' dir='ltr'>Apertb</span> 
     </span>
     <span class='ocr_line' id='line_1_33' title="bbox 550 3583 600 3629; baseline 0 0"><span class='ocrx_word' id='word_1_241' title='bbox 550 3592 567 3629; x_wconf 79' lang='lat' dir='ltr'>a</span> <span class='ocrx_word' id='word_1_242' title='bbox 583 3583 600 3629; x_wconf 82' lang='lat' dir='ltr'>a</span> 
     </span>
    </p>
   </div>
   <div class='ocr_carea' id='block_1_7' title="bbox 0 0 1134 3916">
    <p class='ocr_par' dir='ltr' id='par_1_7' title="bbox 0 0 1134 3916">
     <span class='ocr_line' id='line_1_34' title="bbox 0 0 1134 3916; baseline 0 0"><span class='ocrx_word' id='word_1_243' title='bbox 0 0 1134 3916; x_wconf 95' lang='lat' dir='ltr'> </span> 
     </span>
    </p>
   </div>
  </div>
 </body>
</html>
