2258 3916
133 218 173 279 72
521 214 696 277 LAELIUS.

133 381 278 467 quoniam
290 379 426 446 solitaria
439 402 503 445 non
513 391 618 466 posset
629 379 729 444 virtus
745 379 783 449 ad
799 402 926 464 eaquae
941 401 1067 447 sumnia

133 493 216 560 sunt,
232 483 400 568 pervenire,
416 483 585 569 conjuncta
608 491 640 548 et
666 482 838 547 consociata
864 505 936 546 cum
962 481 1067 548 altero

132 583 318 671 perveniret.
374 582 455 666 Quae
476 584 582 671 siquos
603 584 686 649 inter
707 583 836 648 societas
857 594 912 648 aut
937 593 1065 648 estant

133 687 194 751 fuit
208 697 264 750 aut
277 685 385 751 futura
399 697 457 763 eat,
474 709 581 751 eorum
602 697 649 752 est
670 684 831 749 habendus
850 685 889 750 ad
904 708 1065 750 summum

132 799 252 853 naturae
280 790 397 852 bonum
426 788 562 873 optimus
591 785 850 871 beatissimusque
884 780 1064 853 comitatus,

133 897 184 954 84.
210 890 288 955 Haec
303 900 360 967 est,
375 890 514 978 inquam,
531 888 798 973 societatemque
819 888 922 953 omnia
941 889 1062 965 insunt,

132 1016 202 1077 quae
224 1002 336 1077 putant
368 992 508 1056 homines
538 989 924 1076 expetenda-honestas,
950 990 1061 1077 gloria,

132 1094 342 1178 tranquillitas
363 1094 459 1173 enimi
480 1104 576 1178 atque
593 1091 792 1176 jucunditas:
816 1103 862 1169 ut,
879 1115 977 1178 quum
995 1092 1063 1158 haec

132 1197 244 1273 adsint,
260 1196 351 1260 beata
373 1196 439 1260 vite
465 1195 515 1272 sit,
537 1205 570 1260 et
592 1195 658 1259 aine
688 1193 735 1257 his
765 1216 831 1260 esee
859 1217 923 1259 non
951 1195 1059 1280 possit.

135 1300 228 1382 Quod
243 1323 341 1383 quum
356 1298 507 1384 optimum
523 1298 755 1380 maximumque
770 1298 821 1373 sit,
833 1297 860 1361 si
874 1297 906 1360 id
918 1297 1062 1362 volumus

47 1403 50 1409 ’
132 1404 270 1488 adipisci,
296 1402 406 1465 virtuti
436 1423 529 1486 opera
558 1401 660 1465 danda
689 1409 756 1476 eet3
779 1399 845 1464 sine
870 1399 931 1483 qud
957 1422 1062 1484 neque

133 1505 300 1568 amicitiam
328 1525 431 1587 neque
460 1502 557 1566 ullam
586 1525 652 1567 rem
677 1501 882 1588 expetendam
911 1502 1062 1586 consequi

133 1627 304 1689 possumus.
340 1604 389 1667 Et
408 1604 481 1669 vend
504 1602 655 1689 neglecte,
676 1605 732 1687 qui
758 1627 790 1669 se
813 1603 927 1668 amicos
947 1602 1062 1669 habere

134 1705 332 1781 arbitrantur,
348 1717 416 1769 turn
439 1727 471 1770 se
497 1705 631 1790 denique
656 1707 772 1771 erresse
796 1704 945 1781 sentiunt,
961 1726 1062 1789 quum

134 1831 186 1873 eos
200 1807 302 1893 gravis
317 1806 428 1892 aliquis
443 1829 532 1871 casus
547 1806 679 1891 experiri
694 1808 786 1893 cogit.
833 1811 884 1872 85.
906 1807 1062 1887 Quocirca

133 1910 349 1974 -dioendum
379 1920 426 1973 est
455 1908 537 1974 enirn
567 1908 836 1994 saepius—quum
860 1909 1060 1992 judicaveris,

133 2012 261 2098 diligere
276 2022 417 2098 oportet3
442 2033 505 2075 nou
520 2033 619 2094 quum
634 2011 788 2087 dilexeris,
800 2011 948 2096 judicare.

179 2113 240 2180 Sed
256 2137 353 2198 quum
375 2112 482 2177 multis
503 2112 537 2176 in
558 2112 651 2177 rebus
672 2112 863 2198 negligentid
883 2112 1059 2198 plectimur,

132 2227 201 2279 tum
216 2215 350 2279 maxime
365 2214 513 2279 inamicis
529 2222 561 2277 et
576 2214 748 2299 deligendis
763 2225 796 2279 et
810 2214 964 2279 colendis:
981 2237 1061 2300 prae-

133 2316 264 2400 posteris
284 2317 366 2381 enim
387 2315 507 2380 utimur
526 2315 661 2381 consiliis
681 2326 713 2380 et
735 2327 804 2380 acta
825 2316 955 2402 agimus,
975 2317 1061 2400 quod

132 2435 276 2482 vetamur
295 2418 394 2483 veteri
418 2418 589 2503 proverbio.
636 2418 720 2482 Nam
741 2419 891 2504 implicati
916 2418 1000 2483 ultro
1028 2432 1061 2484 et

133 2520 220 2594 citro,
237 2519 289 2583 vel
310 2542 370 2584 usu
390 2520 537 2585 diuturno
558 2519 608 2584 vel
630 2520 724 2584 etiam
745 2521 862 2596 officiis,
879 2521 1007 2605 repente
1027 2522 1060 2584 in

132 2621 233 2684 medio
243 2642 333 2685 cursu
345 2620 503 2699 amicitias,
517 2621 625 2687 exortd
637 2621 742 2706 aliqud
757 2623 932 2698 offensione,
942 2624 1061 2688 dirum-

133 2745 243 2806 prmus.

177 2926 318 2992 XXIII.
344 2931 395 2991 86.
420 2925 494 3009 Qud
508 2925 603 2991 etiam
620 2927 719 3013 magis
736 2928 939 3013 vituperando
954 2938 1002 2993 est
1017 2929 1061 2994 rei

132 3030 267 3094 maxime
295 3029 472 3093 necessarie
497 3039 586 3093 tanta
614 3029 742 3095 incuria.
800 3030 876 3095 Una
905 3041 952 3095 est
977 3033 1061 3095 enim

133 3129 268 3194 amicitia
287 3129 320 3193 in
339 3129 434 3195 rebus
452 3129 604 3206 humanis,
620 3131 658 3195 de
684 3133 772 3215 eujus
792 3132 929 3196 utilitate
954 3156 1062 3198 omnes

133 3255 196 3297 uno
210 3255 262 3297 ore
277 3231 496 3297 consentiunt:
521 3255 710 3317 quamquam
726 3235 744 3297 d
759 3234 866 3298 multis
880 3236 947 3320 ipsa
963 3237 1062 3301 virtus

133 3333 352 3408 contemnitur,
368 3345 400 3396 et
420 3333 591 3398 venditatio
614 3335 755 3418 quaedom
778 3346 873 3418 atque
895 3341 1063 3403 ostentatio

133 3456 198 3499 esse
221 3433 342 3499 dicitur.
389 3433 487 3498 Multi
511 3435 635 3500 divitias
660 3435 845 3520 despiciunt,
862 3461 940 3520 quos
967 3444 1063 3525 parv'o

134 3545 295 3600 contentos
318 3535 421 3600 tenuis
438 3538 538 3600 victua
564 3536 731 3622 cultusque
754 3537 906 3604 delectat:
931 3540 1064 3607 honoror
