2264 3914
132 204 166 260 16
452 199 564 261 CATO
585 200 735 261 MAJOR.

128 375 202 430 sunt
217 365 282 430 sine
296 365 414 431 viribus
434 366 588 430 sustineri.
634 367 749 451 Itaque
770 387 832 430 non
854 364 956 441 modb,
973 363 1057 449 quod

128 490 190 531 non
214 490 386 552 possumus,
408 467 461 533 sed
486 490 527 533 ne
553 478 707 552 quantum
731 489 893 553 possumus
919 466 1055 550 quidem,

128 569 277 654 cogimur.
324 575 374 635 35.
400 570 449 636 At
471 570 563 635 multi
584 570 629 635 ita
651 580 725 635 sunt
746 569 892 634 imbecilli
906 591 1004 645 senes,
1020 580 1058 635 ut

128 672 250 737 nullum
264 673 357 738 officii
372 684 426 739 aut
441 674 567 739 omnino
576 673 648 738 vitae
662 696 775 738 munus
790 672 919 755 exsequi
929 673 1054 757 possint.

129 776 177 839 At
203 775 236 838 id
263 775 388 859 quidem
412 799 475 840 non
498 775 656 860 proprium
679 774 847 840 senectutis
871 782 919 838 est
933 773 1055 849 vitium,

129 877 182 942 sed
204 899 367 943 commune
382 878 577 944 valetudinis.
624 877 730 959 Quam
745 876 807 941 fuit
828 874 1000 940 imbecillus
1016 874 1055 940 P.

130 978 273 1044 Africani
294 979 377 1044 filius
398 980 435 1057 is,
451 980 507 1065 qui
528 990 561 1046 te
582 977 761 1065 adoptavit!
784 978 878 1062 quam
898 976 987 1042 tenui
1001 986 1058 1041 aut

128 1077 214 1141 nulla
229 1079 334 1162 potius
348 1079 534 1145 valetudine.
571 1079 666 1161 Quod
681 1078 714 1141 ni
729 1077 775 1142 ita
788 1077 906 1152 fuisset,
922 1075 1057 1142 alterum

128 1178 206 1243 illud
227 1178 333 1244 lumen
357 1181 527 1247 exstitisset
551 1181 703 1246 civitatis:
728 1180 767 1244 ad
789 1188 950 1264 paternam
974 1177 1058 1242 enim

127 1281 374 1366 magnitudinem
410 1282 506 1346 animi
542 1283 682 1347 doctrina
717 1283 841 1346 uberior
877 1289 1054 1345 accesserat.

130 1382 216 1464 Quid
239 1383 352 1447 mirum
375 1384 472 1470 igitur
496 1385 530 1447 in
553 1384 687 1460 senibus,
711 1383 738 1448 si
759 1381 875 1446 infirmi
900 1391 974 1446 sunt
1000 1380 1056 1444 ali·

60 1544 63 1551 .
128 1485 265 1568 quando,
291 1507 389 1568 quum
414 1486 447 1550 id
472 1509 512 1551 ne
538 1485 746 1551 adolescentes
770 1484 897 1569 quidem
918 1483 1057 1570 effugere

127 1587 272 1672 possint?
305 1587 537 1664 Resistendum,
554 1587 634 1652 Laeli
649 1598 681 1653 et
699 1587 813 1673 Scipio,
830 1587 982 1652 senectuti
997 1595 1055 1662 est,

128 1689 257 1772 ejusque
282 1689 360 1755 vitia
388 1689 548 1776 diligentia
577 1688 802 1774 compensanda
831 1699 913 1752 sunt.
968 1687 1057 1772 Pug-

127 1794 275 1870 nandum,
290 1803 450 1878 tamquam
468 1804 576 1859 contra
589 1795 742 1870 morbum,
759 1793 802 1856 sic
822 1801 930 1856 contra
951 1813 1057 1856 senec·

128 1907 240 1962 tutem.
295 1901 345 1962 36.
380 1898 535 1963 Habenda
557 1897 637 1962 ratio
666 1895 870 1970 valetudinis3
903 1895 1058 1960 utendum

127 2000 401 2065 exercitationibus
415 2000 560 2076 modicis;
584 2009 706 2065 tantum
723 1999 785 2064 cibi
800 2008 832 2064 et
846 1997 979 2083 potionis
1000 1997 1056 2061 ad-

126 2102 306 2180 hibendum,
317 2112 354 2167 ut
368 2103 547 2168 reficiantur
556 2102 648 2178 vires,
660 2124 723 2166 non
735 2100 957 2186 opprimantur.
986 2099 1057 2165 Nec

126 2205 200 2270 verb
216 2205 336 2290 corpori
353 2205 410 2268 soli
432 2205 679 2270 subveniendum
694 2215 750 2280 est,
767 2202 821 2268 sed
841 2202 938 2267 menti
960 2211 1057 2284 atque

126 2303 229 2367 animo
253 2302 352 2367 multb
376 2303 481 2387 magis.
529 2304 613 2368 Num
638 2305 704 2368 haec
728 2324 863 2386 quoque,
890 2300 950 2366 nisi
976 2311 1058 2364 tam-

127 2427 222 2488 quam
231 2405 342 2468 lumini
356 2403 458 2469 oleum
473 2406 613 2483 instillas,
624 2406 869 2491 exstinguuntur
883 2414 1054 2469 senectute.

115 2507 172 2572 ‚Et
203 2527 330 2590 corpora
359 2507 485 2592 quidem
514 2509 736 2595 defatigatione
768 2517 801 2573 et
831 2505 1056 2573 exercitatione

125 2608 356 2693 ingravescunt,
390 2611 485 2675 animi
521 2625 627 2678 autem
665 2611 863 2677 exercitando
900 2610 1055 2676 levantur.

126 2709 221 2787 Nam,
239 2733 317 2794 quos
340 2711 384 2777 ait
408 2712 731 2779 Caecilius-comicos
754 2715 861 2777 stultos
886 2734 976 2788 senes,
999 2709 1058 2776 hos

125 2812 278 2904 significat
304 2813 454 2891 credulos,
481 2815 655 2892 obliviosos,
676 2815 861 2881 dissolutos:
889 2835 959 2898 quae
978 2811 1058 2878 vitia

125 2927 200 2978 sunt
214 2937 276 2977 non
294 2916 473 3002 senectutis
489 2918 544 2983 sed
564 2916 682 2993 inertis,
698 2916 827 3002 ignavae,
844 2913 1057 2980 somniculosae

125 3017 302 3081 senectutis.
348 3017 398 3083 Ut
420 3018 602 3104 petulantia,
618 3030 656 3083 ut
677 3017 783 3093 libido,
799 3014 898 3101 magis
920 3026 967 3080 est
982 3015 1058 3080 ado·

79 3145 81 3148 ·
124 3119 316 3196 lescentium,
343 3121 438 3203 quam
460 3142 590 3197 senum;
613 3142 672 3185 neo
693 3131 798 3184 tamen
821 3117 960 3183 omnium
981 3117 1058 3182 adc-

123 3220 317 3298 lescentium,
334 3223 389 3287 sed
410 3244 473 3288 non
494 3208 682 3308 proboium3
706 3223 750 3287 sic
770 3223 831 3286 ista
853 3221 957 3286 senilis
978 3221 1058 3285 stul-

123 3324 320 3409 titia-quae
345 3316 484 3390 deliratio
510 3321 658 3412 appellari
677 3325 919 3392 solet-senum
938 3324 1057 3390 levium

124 3437 181 3503 est,
193 3449 258 3492 non
272 3427 418 3492 omnium.
465 3432 517 3494 37.
543 3426 689 3510 Quatuor
698 3429 845 3493 robustos
860 3426 949 3502 lilios,
963 3427 1057 3511 quin-

124 3551 186 3612 que
210 3529 299 3608 filias,
314 3541 435 3597 tantam
459 3531 596 3608 domum,
614 3540 717 3595 tuntas
742 3531 911 3607 clientelas,
929 3524 1057 3616 Appius

57 3688 90 3693 ,,
98 3633 242 3695 terebat
256 3643 291 3698 et
301 3656 412 3715 senex,
426 3644 459 3703 et
474 3657 582 3704 cecus.
629 3633 798 3703 Intentum
812 3637 896 3702 euim
907 3635 1059 3709 animum,
