2258 3916
132 224 178 294 „aa
517 217 689 278 umarus.

140 409 237 471 posse.
280 383 341 449 Est
352 382 434 447 enim
445 382 518 447 boni
530 382 734 466 viri-quem
747 381 879 446 eundem
891 382 1067 468 sapientem

140 484 213 547 licet
233 481 451 547 dicere—haec
472 480 533 544 dno
554 491 662 545 tenere
684 481 717 543 in
738 480 890 544 amicitiai:
915 483 1066 566 primum,

139 604 180 645 ne
195 581 271 665 quid
285 580 392 644 fictum
408 579 458 655 sit,
473 601 551 643 neve
565 579 902 664 simulatum—aperte
917 581 1002 644 euim
1013 584 1065 648 vel

140 682 239 746 odisse
268 679 367 766 magis
396 679 524 764 ingenui
553 688 610 755 est,
649 682 743 763 quam
772 679 876 744 fronte
908 681 1067 748 occultare

140 780 527 858 sententiam—deinde,
553 803 617 844 non
648 781 748 845 solum
767 780 806 845 ab
826 781 930 864 aliquo
953 783 1068 850 allatas

140 881 367 948 criminationes
391 880 552 965 repellere,
577 879 631 944 sed
656 901 695 943 ne
720 879 822 964 ipsum
848 881 974 963 quidem
996 905 1067 950 esse

140 982 352 1067 suspiciosum,
372 1001 493 1064 semper
512 978 631 1064 aliquid
652 978 881 1042 existimantem
901 979 941 1044 ab
963 981 1068 1047 amico

139 1106 205 1149 esse
227 1082 386 1147 violatum.
433 1084 482 1145 66.
510 1079 651 1146 Accedat
676 1079 737 1144 huc
762 1080 898 1145 suavitas
921 1083 1068 1164 quaedam

140 1194 262 1270 oportet
299 1204 475 1247 sermonum
514 1191 609 1265 atqua
651 1203 781 1257 morum,
820 1181 1067 1266 haudquaquam

140 1283 291 1346 mediocre
321 1279 552 1344 condimentum
577 1279 728 1344 amicitiae.
776 1279 918 1344 Tristitia
945 1293 1065 1359 autem,

139 1391 173 1447 et
187 1382 220 1444 in
234 1379 317 1444 omni
332 1402 365 1443 re
381 1379 537 1456 severitas,
552 1378 646 1443 habet
661 1378 714 1443 illa
725 1378 851 1462 quidem
861 1379 1064 1463 gravitatem

141 1479 194 1543 sed
228 1477 363 1542 amicitia
395 1477 549 1543 remissior
578 1499 643 1542 esse
672 1478 775 1557 debet,
805 1489 837 1542 et
865 1479 1002 1557 liberior,
1033 1492 1068 1547 et

141 1578 269 1654 dulcior,
286 1588 318 1643 et
333 1577 372 1642 nd
390 1600 510 1642 omnem
531 1578 708 1644 comitatem
727 1579 971 1663 facilitatemque
993 1604 1066 1666 pro-

141 1679 257 1743 clivior.

185 1874 289 1939 XIX
314 1878 364 1940 67.
388 1873 506 1940 Existit
517 1883 622 1940 autem
632 1875 691 1940 hoc
701 1875 769 1940 loco
780 1876 920 1960 quaedam
935 1879 1069 1960 quaetio

142 1974 350 2041 subdifficilis:
373 1997 449 2040 num
467 1975 592 2058 quaudo
613 1975 704 2040 amici
719 1975 802 2052 novi,
818 1975 904 2061 digni
919 1977 1067 2052 amicitia,

142 2076 299 2142 veteribus
321 2075 383 2140 sint
404 2074 621 2160 anteponendi,
641 2087 679 2140 ut
701 2074 789 2159 equis
808 2076 922 2140 vetulis
942 2086 1069 2142 teneros

142 2188 330 2260 anteponere
341 2174 482 2239 solemus.
511 2173 957 2258 Indignahominedubitatio.
988 2175 1069 2240 Non

142 2274 225 2339 euim
240 2274 445 2338 amicitiarum
466 2296 532 2338 esse
552 2274 677 2350 debent,
696 2273 777 2337 sicut
799 2273 929 2337 aliarum
949 2296 1068 2352 rerum,

144 2375 312 2438 satietates.
369 2373 554 2438 Veterrimae
591 2396 732 2457 quaeque,
764 2383 799 2438 ut
829 2397 865 2438 ea
894 2375 967 2438 vina
997 2397 1070 2459 quaa

143 2482 332 2537 vetustatem
344 2473 458 2544 ferunt,
470 2495 536 2538 esse
547 2473 662 2537 debent
673 2473 878 2550 suavissimam
895 2498 1071 2560 verumque

144 2572 221 2636 illud
230 2582 286 2647 est,
299 2573 382 2656 quod
394 2573 517 2650 dicitur,
528 2575 635 2637 maltos
644 2577 755 2638 modios
763 2577 837 2637 salia
846 2578 936 2639 sirnzd
943 2579 1071 2641 edendos

144 2696 214 2748 esse,
230 2682 267 2735 ut
281 2671 422 2736 amicitiae
438 2696 550 2737 munus
565 2673 723 2758 expletum
738 2673 787 2738 sit.
825 2678 875 2738 68.
901 2675 934 2739 N
934 2675 1071 2740 ovitates

144 2781 258 2846 autem,
274 2769 300 2834 si
315 2793 401 2856 spem
415 2771 559 2848 afferunt,
579 2781 627 2847 ut,
650 2781 809 2857 tamquam
829 2773 863 2834 in
883 2772 986 2837 herbis
1007 2797 1073 2839 non

145 2868 316 2945 fallacibus,
346 2868 465 2933 fructus
491 2879 647 2954 appareat,
673 2893 736 2934 non
761 2880 835 2935 sunt
859 2870 919 2934 illae
944 2872 1073 2954 quidem

145 2969 361 3054 repudiandae3
391 2978 530 3034 vetustas
555 2979 663 3033 tamen
688 2993 744 3034 suo
768 2971 837 3036 loco
860 2974 1074 3040 conservanda

145 3078 202 3134 est
238 3067 378 3132 Maxima
389 3079 437 3133 est
450 3068 533 3133 enim
544 3068 591 3134 vis
603 3071 766 3134 vetustatis
781 3080 814 3136 et
829 3072 1072 3156 consuetudinis.

148 3166 235 3250 Quin
261 3167 327 3252 ipso
357 3190 447 3252 equo,
477 3168 566 3253 cujus
595 3170 687 3235 modb
716 3171 904 3235 mentionem
939 3171 1013 3251 feci,
1047 3174 1075 3238 si

145 3267 233 3332 nulla
246 3291 295 3333 res
309 3267 467 3354 impediat,
490 3291 581 3334 nemo
601 3264 737 3353 estqui
758 3293 820 3334 non
843 3293 889 3347 eo,
913 3293 976 3355 quo
999 3295 1076 3339 oon·

145 3367 258 3446 suevit,
288 3367 436 3433 libentius
460 3377 579 3444 utatur,
606 3371 700 3452 qnam
725 3368 892 3436 intractato
923 3383 956 3438 et
981 3396 1073 3441 novo.

63 3444 217 3672 ιΝθο
230 3466 321 3532 modd
337 3467 369 3531 in
384 3466 452 3543 hoo,
469 3466 552 3551 quod
573 3478 619 3532 est
640 3467 763 3545 animal,
786 3468 839 3534 sed
859 3469 892 3533 in
913 3470 950 3536 iis
968 3471 1077 3553 etiam,
