2264 3914
481 229 572 291 CAP.
592 228 634 288 11.
1002 230 1020 287 a

97 397 213 465 afferat.
249 397 323 479 Quo
337 395 371 460 iu
386 417 499 482 genere
515 393 671 480 inprimis
686 402 734 459 est
749 402 910 458 senectus:
927 413 1021 475 quam

97 512 134 565 ut
158 499 379 587 adipiscantur,
409 520 518 562 omnes
547 507 678 581 optant;
714 495 842 561 eandem
874 504 1021 559 accusant

97 601 259 687 adeptam;
297 609 386 665 tanta
421 609 468 664 est
504 597 712 663 inconstantia
748 597 890 661 stultitiae
926 608 1021 678 atque

96 703 291 787 perversitas.
338 701 507 786 Obrepere,
531 700 632 776 aiunt,
653 723 722 764 eam
743 698 836 764 citids
851 700 944 782 quam
963 723 1022 784 pu·
1057 754 1062 761 .

97 804 226 868 tissent.
272 803 427 880 Primum,
447 805 517 886 quis
540 802 643 887 coligit
667 825 719 866 eos
745 801 858 865 falsum
884 802 1020 886 putare?
1038 788 1121 881 „ps

98 905 165 986 Qui
180 905 261 970 enim
276 905 369 969 citids
384 905 596 969 adolescentia
611 914 762 979 senectus,
774 904 869 986 quam
882 902 1022 989 pueritiae
1043 924 1117 987 epse.

97 1008 313 1085 adolescentia,
342 1007 486 1094 obrepit?
508 1007 674 1095 3.›·‘Deinde‚
705 1007 762 1089 qui
790 1007 893 1070 minus
919 1007 1021 1092 gravis
1037 993 1104 1101 {pff

97 1123 179 1177 esset
194 1111 232 1174 iis
247 1121 401 1201 senectus,
414 1111 441 1174 si
452 1109 746 1195 octingentesimum
759 1131 874 1172 annum
884 1119 1020 1192 agerent,
1054 1124 1098 1165 ⁴³--

99 1212 194 1296 quam
220 1213 468 1298 octogesimum?
490 1213 647 1297 praeterita
669 1212 752 1276 euim
773 1223 858 1288 atas,
880 1213 1087 1294 quamvisii·
1114 1250 1121 1257 -

96 1312 200 1399 longa,
222 1335 320 1397 quum
342 1312 523 1390 effluxisset,
546 1312 635 1376 nulli
656 1311 865 1377 consolatione
887 1313 1022 1396 permul-

96 1435 166 1479 cere
194 1425 299 1499 posset
328 1415 457 1478 stultam
492 1423 693 1478 senectutem.
748 1420 777 1476 5.
813 1413 968 1494 Quocirca
996 1435 1020 1476 st

96 1516 277 1602 sapientiam
289 1539 388 1580 meam
400 1516 545 1580 admirari
557 1516 706 1579 soletis—
717 1537 787 1598 quae
797 1516 920 1579 utinam
929 1516 1023 1600 digna

96 1627 178 1681 esset
192 1617 337 1703 opinione
354 1617 458 1681 vestri
469 1627 638 1698 nostroque
658 1617 842 1701 cognomine
852 1616 906 1680 l—
916 1619 949 1681 in
964 1619 1022 1682 hoc

96 1743 202 1785 sumus
237 1719 401 1804 sapientes,
433 1720 517 1802 qudd
545 1719 699 1783 Naturam
725 1720 874 1803 optimam
900 1721 1021 1796 ducem,

96 1833 256 1905 tamquam
276 1821 392 1896 Deum,
419 1821 587 1905 sequimur,
614 1821 705 1905 eique
728 1843 891 1905 paremuse
916 1823 934 1886 ὲ
959 1824 1023 1905 qua

94 1946 160 1988 non
182 1924 348 1988 verisimile
369 1933 425 1999 est,
447 1946 545 2007 quum
566 1935 674 1988 ceterae
696 1935 801 2008 partes
821 1925 922 1989 aetatis
943 1925 1022 1990 bene

61 2084 68 2102 ,
97 2025 258 2108 descriptae
273 2024 345 2100 sint,
361 2035 534 2088 extremum
554 2036 668 2100 actum,
692 2035 852 2107 tamquam
871 2026 910 2090 ab
930 2027 1022 2090 inerti

97 2125 199 2211 politti,
215 2146 282 2188 esse
296 2125 483 2209 neglectum.
533 2125 595 2191 Sed
611 2138 716 2191 tamen
730 2147 855 2191 necesse
876 2127 937 2192 fuit
958 2149 1022 2192 esse

97 2226 216 2310 aliquid
238 2235 423 2303 extremum,
448 2236 490 2303 et,
514 2236 675 2311 tamqnam
698 2228 731 2292 in
754 2229 899 2293 arborum
920 2228 1022 2294 baccis

97 2339 252 2411 terraeque
286 2328 441 2414 frugibus,
475 2331 656 2395 maturitate
695 2330 891 2415 tempestivi,
932 2331 1022 2414 quasi

97 2429 217 2493 vietum
248 2438 281 2494 et
310 2430 470 2507 caducum,
503 2433 587 2515 quod
615 2432 777 2497 ferendum
806 2441 855 2497 est
887 2434 1023 2499 molliter

98 2531 239 2616 sapienti.
252 2502 378 2613 tsQuid
407 2535 490 2598 enim
520 2545 568 2599 est
596 2534 690 2611 aliud,
715 2535 890 2620 Gigantum
919 2537 1021 2613 modo,

97 2632 214 2699 bellare
229 2656 299 2698 cum
318 2635 398 2712 Diis,
414 2636 474 2698 nisi
488 2646 607 2700 natura
622 2639 817 2722 repugnare?

142 2739 172 2798 6.
196 2734 351 2800 LAELIUS.
408 2736 523 2821 Atqui,
541 2737 631 2815 Cato,
647 2739 856 2824 gratissimum
872 2740 970 2815 nobis,
986 2747 1023 2804 ut

96 2834 193 2900 etiam
218 2858 275 2921 pro
308 2835 452 2922 Scipione
476 2839 633 2922 pollicear,
665 2840 783 2918 feceris,
813 2841 848 2916 si,
876 2842 1023 2925 quoniam

79 2948 267 3020 ¹speramus,
293 2936 443 3002 volumus·
458 2940 585 3023 quidem
613 2941 708 3018 certd,
735 2965 822 3007 senos
848 2944 924 3018 lieri,
951 2945 1023 3008 ante

99 3037 200 3101 multo
224 3038 243 3101 a
266 3048 298 3101 te
324 3038 531 3130 didicerimus,
554 3040 668 3124 quibus
686 3042 832 3109 facillime
852 3046 1023 3110 rationibus

100 3132 365 3222 ingravescentem
380 3151 504 3205 aetatem
520 3142 601 3208 ferre
617 3145 775 3229 possimus.

145 3236 252 3304 CATO.
296 3240 424 3305 Faciam
446 3243 529 3318 verd,
548 3243 648 3321 Laeii3
664 3247 833 3331 pra-sertim
852 3248 878 3314 si
898 3250 1024 3335 utrique

98 3340 251 3417 vostrum,
266 3350 304 3407 ut
317 3342 404 3420 diois,
420 3354 545 3430 gratum
558 3347 702 3412 futurum
716 3358 772 3414 cst.

143 3442 299 3509 Laurus.
340 3443 496 3512 Volumus
507 3448 590 3526 aand,
606 3449 666 3514 uisi
680 3451 845 3519 molestum
859 3461 916 3531 est,
933 3454 1025 3534 Cato,

100 3552 262 3632 tamquam
291 3545 427 3632 aliquam
456 3549 541 3614 viam
568 3549 694 3638 longam
723 3532 912 3630 mulcete,
940 3570 1079 3647 aalma

517 3657 569 3703 aa
