2258 3916
433 215 524 278 CAP.
543 215 664 277 XVIII.
971 225 1010 282 66

84 381 241 448 consecuti
256 393 340 459 sunt,
357 384 557 449 obscuratum
572 384 611 448 iri
626 385 828 460 arbitrantur,
851 384 924 467 quia
946 409 1011 450 non

83 481 147 546 sine
169 483 282 567 magna
304 481 396 546 causa
411 482 451 546 sit
467 484 608 568 neglecta
627 487 773 552 amicitia.
820 490 870 547 64.
895 484 1010 568 Itaque

83 607 161 648 verae
184 585 328 648 amicitia
351 583 531 650 difficillime
552 590 754 673 reperiuntur
774 587 808 650 in
829 587 877 662 iis,
901 587 1009 670 quiin

79 685 249 751 honoribus
266 708 363 769 reque
377 687 504 771 publiea
518 700 694 755 versentur.
731 690 799 755 Ubi
815 689 897 754 enim
912 690 1009 752 istum

79 787 229 866 inveniaS,
251 788 307 870 qui
326 788 476 852 honorem
492 789 583 854 amici
597 801 768 878 anteponat
783 792 864 855 suo?
910 789 1008 872 Quid,

78 890 144 955 haec
161 901 198 954 ut
220 890 373 966 omittam,
397 891 492 972 quam
514 913 637 975 graves,
661 895 756 977 quam
779 892 919 956 difficiles
941 892 1006 977 ple·

77 992 184 1075 risque
204 993 351 1057 videntur
373 990 586 1057 calamitatum
608 995 781 1070 societater,
798 995 836 1057 ad
851 1016 929 1077 quas
943 1016 1008 1058 non

77 1105 126 1159 est
141 1094 232 1160 facile
247 1095 380 1160 inventu
391 1094 447 1178 qui
460 1095 646 1161 descendat?
656 1133 659 1137 >
670 1096 870 1180 Quamquam
882 1097 1007 1160 Ennius

76 1197 172 1274 reete,

226 1345 354 1408 Amicus
369 1354 467 1406 certus
481 1347 514 1408 r'o
529 1367 562 1407 re
576 1335 691 1408 iacertlt
707 1347 860 1408 cernitur:

75 1516 181 1570 tamen
191 1505 256 1571 haeo
271 1506 333 1570 duo
348 1504 485 1570 levitatis
500 1515 532 1571 et
545 1503 736 1571 infirmitatis
751 1505 916 1591 plerosque
931 1527 1005 1571 con·

78 1607 325 1675 vineunt-aut
347 1609 373 1672 si
393 1609 427 1673 in
450 1607 538 1674 bonis
558 1608 652 1674 rebus
667 1620 882 1686 contemnunt,
901 1610 1004 1675 autin

74 1711 163 1774 malis
178 1711 335 1776 deserunt.
944 1736 946 1739 ·

118 1913 256 1980 XVIII.
291 1914 357 1996 Qui
382 1912 480 1998 igitur
503 1911 635 1995 utraque
657 1912 692 1977 in
713 1935 747 1978 re
768 1935 905 1999 gravem,
929 1937 1003 1980 oon-

73 2024 218 2089 stantem,
235 2012 376 2078 stabilem
392 2013 473 2076 sein
487 2010 623 2075 amicitia
645 2012 833 2096 proestiterit,
856 2013 940 2078 huno
962 2036 1002 2079 ex

71 2114 207 2180 maxime
228 2136 298 2178 raro
320 2113 483 2177 hominum
505 2134 619 2198 genere
636 2112 777 2196 judicare
800 2112 948 2180 debemus
969 2128 1003 2182 et

71 2217 159 2303 paene
176 2217 289 2281 divino.
347 2218 397 2279 65.
422 2213 672 2279 Firmamentum
694 2224 799 2279 autem
822 2216 1001 2284 stabilitatis

71 2319 317 2402 constantiaeque
332 2317 408 2401 ejus,
425 2338 520 2399 quam
534 2315 568 2379 in
583 2315 718 2380 amicitia
733 2317 910 2398 quaerimus,
925 2319 1001 2385 fides

53 2484 55 2488 ,
70 2434 126 2486 est.
173 2421 263 2485 Nihil
277 2421 360 2484 enirn
373 2417 483 2483 stabile
497 2426 554 2493 est,
571 2418 656 2502 quod
667 2417 798 2481 infidum
813 2430 870 2483 est.
918 2418 1000 2486 Sim-

69 2524 181 2609 plioem
210 2523 368 2610 praeterea,
396 2531 429 2588 et
455 2543 660 2596 communem,
686 2529 718 2585 et
744 2523 999 2602 consentientem,

65 2630 128 2713 ,qui
154 2631 248 2693 rebus
276 2627 385 2691 iisdem
415 2634 587 2700 moveatur,
619 2622 692 2708 eligi
720 2646 777 2709 par
806 2636 861 2688 est.
907 2626 1000 2709 'Quae

69 2731 172 2797 omnia
188 2729 346 2815 pertinent
366 2726 406 2790 ad
426 2725 617 2790 fidelitatem.
662 2724 774 2807 Neque
796 2726 878 2790 enim
901 2727 999 2807 fidum

68 2844 171 2920 potest
182 2853 247 2896 esse
258 2827 425 2913 multiplex
439 2827 601 2913 ingenium
617 2836 650 2890 et
662 2836 846 2892 tortuosum.
883 2828 998 2914 Neque

68 2937 151 3013 verb,
168 2937 223 3021 qui
242 2955 307 2998 non
326 2931 436 2997 iisdem
457 2930 550 2995 rebus
569 2939 714 2994 movetur
735 2939 768 2993 et
789 2931 902 2994 natura
923 2954 998 2996 con-

67 3037 173 3112 sentit,
203 3035 285 3099 fidus
313 3041 369 3098 aut
398 3029 517 3095 stabilis
545 3039 650 3113 potest
676 3049 750 3093 esse.
804 3029 997 3097 Addendum

66 3138 175 3202 eodem
191 3145 247 3210 est,
263 3143 300 3199 ut
315 3156 354 3198 ne
369 3130 550 3197 criminibus
562 3143 617 3194 aut
628 3129 796 3194 inferendis
811 3130 995 3209 delectetur,

66 3248 123 3301 aut
134 3236 239 3300 credat
251 3232 379 3298 oblatis:
397 3253 466 3315 quae
478 3228 581 3293 omnia
592 3227 750 3313 pertinent
760 3227 800 3290 ad
811 3250 888 3303 eam,
902 3251 996 3312 quam

61 3337 248 3425 jamdudum
262 3343 373 3408 tracto,
389 3330 605 3398 constantiam.
659 3326 712 3392 Ita
731 3328 769 3391 fit
783 3350 892 3392 verum
907 3329 994 3405 illud,

65 3437 150 3525 quod
165 3434 255 3500 initio
271 3432 345 3510 dixi
361 3430 530 3496 amicitiam
549 3427 609 3493 nisi
628 3428 711 3492 inter
729 3427 827 3494 bonos
847 3449 912 3493 esse
931 3451 996 3495 non
