2258 3916
158 217 204 306 ddx
525 210 696 274 LAELIUS.

159 375 295 455 dimisso,
321 377 446 441 domum
471 376 617 443 reductus
640 379 679 443 ud
705 379 869 465 vesperum
898 387 945 444 est
970 379 991 446 d
1018 380 1091 448 Pu·

158 477 260 540 tribus
274 476 464 561 conscriptis,
480 476 624 562 tPopuli
640 476 774 543 Romani
790 479 879 544 sociis
895 488 927 543 et
943 478 1087 560 Latinis,

157 577 256 662 pridie
281 578 376 661 qudm
400 577 531 642 excessit
550 578 568 642 e
587 578 670 642 vite:
695 589 732 644 ut
751 602 790 644 ex
810 589 875 643 tam
894 578 958 643 ulto
977 579 1089 666 digni-

157 678 232 742 tatis
245 676 344 762 gradu
358 675 397 739 ud
412 698 537 761 superos
553 677 695 742 videatur
709 678 782 743 deos
801 677 906 763 potids
922 679 1018 761 qudm
1041 679 1088 744 ad

156 776 271 841 inferos
285 775 468 862 pervenisse.

36 1058 46 1081 ·
91 989 93 994 '
199 976 261 1043 IV.
288 981 336 1040 13.
361 976 475 1060 Neque
495 975 579 1040 enim
602 975 752 1040 assentior
766 977 813 1052 iis,
830 976 884 1060 qui
898 976 964 1042 haec
977 1000 1085 1064 nuper

155 1077 303 1142 disserere
332 1085 500 1161 coeperunt,
531 1097 603 1140 cum
631 1076 810 1161 corporibus
839 1076 930 1141 simul
958 1078 1083 1144 animos

154 1178 290 1254 interire,
313 1188 408 1260 atquc
430 1175 534 1240 omnia
554 1185 654 1241 morte
675 1176 779 1240 deleri.
824 1176 903 1241 Plus
922 1178 1008 1263 apud
1028 1202 1081 1245 mc

153 1277 353 1359 antiquorum
367 1273 533 1339 auctoritas
548 1274 646 1350 valct;
662 1273 713 1339 vel
723 1284 899 1339 nostrornm
913 1277 1080 1361 majorum,

153 1378 209 1461 qui
223 1374 353 1440 mortuis
363 1383 428 1438 tum
443 1373 586 1459 religiosa
595 1375 668 1458 jura
678 1373 999 1460 tribuerunt-quod
1014 1401 1080 1443 non

152 1476 298 1539 fecissent
326 1472 474 1558 profectd‚
504 1473 530 1538 si
559 1473 638 1538 nihil
666 1475 706 1538 ad
734 1497 787 1539 cos
812 1475 967 1559 pertinere
993 1478 1079 1544 arbi-

152 1573 416 1639 trarentur—vel
445 1595 562 1651 eorum,
592 1567 648 1659 qui
677 1573 710 1637 in
738 1574 798 1640 hic
824 1576 908 1640 terre
935 1577 1078 1656 fuerunt,

151 1697 359 1761 magnamque
375 1673 537 1749 Graeciam,
554 1696 623 1758 quae
643 1696 727 1738 nunc
742 1674 868 1758 quidem
890 1675 994 1741 deleta
1017 1690 1079 1756 est,

151 1786 220 1841 tum
234 1776 373 1850 florebat,
395 1773 547 1838 institutis
562 1785 594 1838 et
608 1774 768 1859 praeceptis
788 1775 852 1840 suis
874 1776 1078 1856 erudierunt3

150 1877 202 1942 vel
231 1877 306 1961 ejus,
337 1875 393 1959 qui
417 1873 572 1959 Apollinis
602 1876 725 1940 oraculo
754 1876 998 1961 sapientissimus
1028 1892 1080 1947 est

147 1978 315 2065 judicatus,
331 1975 386 2061 qui
401 1996 464 2038 non
478 1985 547 2038 tum
569 1974 636 2051 hoc,
658 1978 728 2038 t'um
749 1975 838 2051 illud,
862 1986 898 2041 ut
919 1977 1077 2064 plerique,

149 2079 203 2144 sed
231 2078 313 2143 idem
342 2075 464 2140 dicebat
493 2073 793 2160 semper—Animos
816 2076 977 2141 hominum
1009 2102 1078 2147 esse

149 2180 280 2253 divinos,
295 2177 406 2260 iisque,
423 2196 521 2258 quum
536 2174 554 2239 ὲ
568 2195 695 2259 corpore
710 2175 923 2251 excessissent,
936 2177 1078 2245 reditum

148 2281 182 2345 in
211 2279 321 2344 coelum
350 2286 467 2360 patere,
494 2275 674 2360 optimoque
699 2286 731 2339 et
756 2276 929 2359 justissimo
958 2280 1078 2365 cuique

148 2377 422 2465 expeditissimum.
460 2382 510 2440 14.
528 2375 622 2457 Quod
636 2376 718 2441 idem
737 2375 873 2462 Scipioni
890 2378 1075 2447 videbatur:

149 2482 205 2564 qui
220 2479 355 2562 quidem,
372 2477 460 2561 quusi
474 2478 662 2563 praesagiret,
678 2479 838 2562 perpaucis
853 2489 925 2542 unte
939 2491 1076 2547 mortem

149 2579 268 2656 diebus,
285 2600 382 2660 quum
398 2588 430 2642 et
445 2576 557 2642 Philus
572 2587 604 2642 et
620 2577 771 2642 Manilius
786 2578 939 2654 adessent,
962 2590 997 2644 et
1020 2583 1075 2649 ulii

148 2682 263 2767 plures,
301 2688 400 2762 tuque
437 2679 541 2754 etiam,
585 2677 732 2756 Scaevola,
762 2701 885 2744 mecum
920 2681 1072 2766 venisses,

148 2781 288 2846 triduum
304 2779 447 2844 disseruit
463 2779 502 2844 de
517 2779 715 2865 Republica:
739 2781 829 2864 cujus
851 2779 1075 2865 disputationis

148 2880 211 2949 fuit
236 2889 410 2943 extremum
431 2879 496 2943 ferd
525 2879 564 2943 de
593 2878 833 2944 Immortalitute
861 2877 1074 2962 Animorum

149 3001 219 3063 quae
243 3000 276 3042 se
304 2978 337 3040 in
364 2978 470 3061 quiete
498 3000 553 3063 per
578 2977 680 3043 risum
705 3001 745 3043 ex
771 2977 922 3043 Africano
948 2982 1075 3051 audisse

148 3078 280 3143 dicebat.
325 3076 366 3140 Id
381 3075 407 3140 si
421 3076 466 3140 itu
480 3088 537 3154 est,
554 3087 589 3141 ut
604 3078 713 3162 optimi
728 3079 881 3162 cujusque
895 3078 1021 3147 animus
1039 3082 1074 3150 iu

147 3189 248 3243 morte
262 3176 406 3241 facillime
426 3178 537 3254 evolet,
557 3187 717 3261 tamquam
733 3179 751 3242 ὲ
765 3180 904 3244 custodiri
924 3180 1074 3250 vinculis·

148 3301 211 3363 quc
234 3276 385 3362 corporis:
409 3277 460 3341 cui
485 3300 644 3342 censemus
670 3301 794 3343 cursum
818 3280 857 3344 ad
885 3280 971 3346 Deos
996 3284 1076 3351 faci·

147 3376 257 3442 liorem
282 3376 390 3454 fuisse,
415 3376 509 3460 quim
540 3376 702 3462 Scipioni?
747 3376 911 3458 Quocirca,
942 3403 1074 3451 moerere

52 3508 54 3512 ·
148 3475 206 3542 hoc
221 3477 286 3562 ejus
301 3487 427 3554 eventu,
443 3500 559 3556 vereor,
576 3503 615 3544 ne
631 3477 728 3544 invidi
748 3477 845 3564 magis
865 3480 960 3563 quum
980 3483 1074 3550 amici
