2264 3914
92 197 131 257 22
415 196 527 259 CATO
546 197 697 258 MAJOR.

92 382 156 426 non
169 369 255 426 caret
273 360 310 439 is,
325 361 381 446 qui
401 384 465 426 non
484 363 654 429 desiderat:
683 385 741 448 ego
760 384 826 426 uon
847 360 1024 432 desiderare

91 464 161 529 dico
172 487 237 529 esse
247 463 425 548 jucundius,
441 466 536 553 quam
544 465 618 530 frui.
655 471 708 530 48.
727 464 848 546 Quodsi
863 463 931 530 istis
945 465 1023 550 ipsis

91 565 306 651 voluptatibus
334 568 415 631 bona
443 577 516 630 aetas
545 567 660 631 fruitur
696 565 852 641 libentius,
883 566 1023 651 primum

91 666 228 753 parvulis
242 666 357 731 fruitur
371 667 473 743 rebus,
490 677 527 732 ut
541 668 694 744 diximus3
716 667 826 732 deinde
840 666 888 743 iis,
904 667 1022 750 quibus

91 778 244 845 senectus,
268 768 376 833 sinon
399 769 522 833 abunde
541 770 669 854 potitur,
687 791 750 833 non
772 767 897 833 omnino
923 781 1019 835 caret.

90 869 142 935 Ut
157 870 315 955 Turpione
332 870 479 936 Ambivio
493 870 591 956 magis
605 871 785 945 delectatur,
802 868 904 952 quiin
918 871 1021 955 primd

90 971 184 1037 cased
198 981 334 1055 spectat3
350 971 521 1036 delectatur
535 984 639 1038 tamen
650 971 754 1046 etiam,
770 971 825 1055 qui
840 970 873 1034 in
887 971 1019 1050 ultimd;

89 1073 134 1138 sic
163 1074 376 1151 adolescentia,
406 1075 582 1160 voluptates
607 1074 733 1160 propter
757 1073 892 1150 intuens,
918 1075 1021 1161 mugla

89 1172 218 1238 fortasse
230 1175 353 1238 laetatur
360 1198 369 1250 ;
387 1175 441 1238 sed
455 1174 628 1239 delectatur
640 1173 732 1239 etiam
748 1182 898 1250 senectus,
908 1176 1021 1256 procul

88 1296 140 1338 eas
161 1287 312 1359 spectans,
335 1285 469 1351 tantum,
485 1287 640 1359 quantum
661 1283 709 1338 sat
730 1282 785 1338 est.
830 1279 883 1348 49.
901 1274 950 1339 At
963 1275 1022 1342 illa

88 1377 199 1461 quanti
228 1389 311 1452 suut,
338 1377 485 1453 animum,
509 1387 670 1459 tamquam
692 1375 827 1440 emeritis
856 1377 1023 1461 stipendiis

86 1477 233 1552 libidinis,
260 1477 446 1554 ambitionis,
470 1479 686 1555 contentionis,
708 1478 949 1554 inimicitiarum,
962 1501 1021 1544 cu·

86 1579 253 1664 piditatum
268 1580 416 1656 omnium,
432 1602 536 1645 secum
555 1603 630 1656 esse,
646 1602 823 1665 secumque,
839 1591 876 1645 ut
889 1579 1019 1660 dieitur,

85 1679 209 1745 viverel
256 1680 292 1746 Si
310 1680 383 1745 verb
402 1680 496 1746 habet
522 1681 648 1764 aliquod
674 1690 834 1764 tamquam
863 1680 1020 1766 pabulum

85 1782 182 1846 studii
205 1791 301 1866 atque
324 1782 480 1858 doctrinae,
503 1782 581 1846 nihil
602 1791 650 1846 est
671 1782 769 1847 otiosa
788 1792 948 1848 senectute
961 1784 1019 1868 ju-

85 1883 226 1947 cundius.
272 1883 358 1948 Mori
369 1885 455 1969 paene
470 1884 650 1948 videbamus
664 1883 697 1946 in
712 1884 815 1948 studio
830 1883 1018 1951 dimetiunffi

85 1984 153 2049 coeli
178 1996 275 2069 atque
300 1995 390 2050 terrae
414 1984 451 2052 C.
474 1985 612 2061 Gallum,
635 1984 817 2049 familiarem
836 1986 931 2068 patris
954 1988 1015 2066 tui,

86 2086 199 2172 Scipio.
246 2087 379 2169 Quoties
400 2087 490 2152 illum
513 2086 569 2151 lux
589 2097 685 2151 noctu
704 2086 822 2171 aliquid
842 2085 1017 2157 describere

83 2187 266 2273 ingressum,
294 2189 415 2272 quoties
437 2211 500 2253 uox
528 2189 689 2274 oppressit,
713 2210 811 2271 quum
837 2187 927 2252 mane
946 2210 1016 2255 ⁴coe·

36 2334 40 2344 .
83 2287 199 2371 pissetl
246 2288 351 2370 Quam
376 2287 551 2354 delectabat
576 2310 647 2353 eum
674 2289 862 2353 defectiones
886 2287 958 2352 solis
980 2301 1016 2356 et

83 2388 165 2452 lunae
200 2389 302 2454 multd
330 2388 420 2454 nobis
449 2390 523 2454 ante
551 2388 734 2475 praedicere!
790 2393 841 2454 50.
866 2389 953 2471 Quid
979 2391 1015 2457 in

82 2489 251 2554 levioribus
266 2490 386 2567 studiis,
402 2491 456 2556 sed
470 2501 574 2556 tamen
590 2492 711 2555 acutis?
737 2490 841 2572 Quam
856 2491 1015 2575 gaudebat

66 2590 164 2654 ·bellc
179 2614 235 2654 suo
243 2592 362 2655 Punico
372 2592 405 2656 N
405 2591 517 2657 aeviusl
543 2592 647 2674 Quam
665 2593 847 2656 Truculento
859 2593 1013 2660 Plautusl

83 2694 178 2777 qudm
204 2694 377 2759 Pseudolo!
421 2693 498 2759 Vidi
524 2694 618 2758 etiam
647 2716 751 2758 senem
777 2694 916 2771 Livium,
943 2696 1012 2778 qui,

83 2816 180 2878 quum
197 2817 251 2858 sex
265 2817 363 2860 annos
384 2795 467 2873 ante,
483 2796 577 2878 quam
592 2816 650 2880 ego
668 2806 760 2859 natus
779 2819 857 2872 sum,
873 2795 1013 2861 fabulam

82 2894 246 2972 docuisset,
278 2896 421 2963 Centone
447 2896 668 2980 Tuditanoque
697 2898 883 2974 consulibus,
910 2917 1013 2980 usque

81 2997 119 3060 ad
146 2997 383 3062 adolescentiam
408 3010 509 3063 meam
533 3000 681 3083 processit
709 3008 809 3064 aetate.
855 2998 942 3081 Quid
971 2999 1013 3065 de

82 3096 120 3163 P.
137 3098 254 3164 Licinii
277 3099 382 3167 Crassi
404 3110 436 3164 et
459 3099 610 3185 pontificii
631 3110 663 3166 et
686 3101 784 3166 civilis
803 3101 1013 3185 jurisstudio

80 3201 213 3284 loquar?
239 3211 295 3266 aut
320 3201 360 3267 de
385 3199 478 3284 hujus
497 3201 536 3266 P.
566 3201 728 3287 Scipionis,
753 3203 809 3288 qui
833 3203 881 3267 his
903 3203 1012 3288 paucis

81 3302 189 3368 diebus
218 3302 362 3387 pontifex
395 3304 547 3368 maximus
576 3304 678 3370 factus
707 3307 779 3369 est?
824 3305 928 3389 Atqui
957 3326 1012 3370 eos

81 3426 198 3481 omnes,
214 3427 292 3490 quos
304 3406 550 3484 commemoravi,
561 3406 609 3471 his
625 3406 735 3471 studiis
746 3407 911 3492 flagrantes
922 3430 1011 3473 senes

80 3505 223 3572 vidimus.
270 3507 317 3572 M.
340 3507 414 3575 verb
445 3505 630 3595 Cethegum,
661 3532 754 3594 quem
783 3510 867 3576 recte
896 3511 1011 3576 Suada
