2258 3916
96 213 134 271 30
407 203 519 266 CATO
540 203 691 264 MAJOR.

96 375 207 441 Potest
232 371 313 437 enim
342 370 513 455 quidquam
537 391 602 434 esse
629 368 800 444 absurdius,
829 367 923 452 quim
950 367 1021 455 qud

94 475 197 540 minus
212 472 268 540 viae
282 480 387 548 restat,
404 470 440 536 ed
453 470 523 556 plus
536 468 642 534 viatici
656 469 814 552 quarere?

138 671 240 736 XIX.
252 675 303 735 66.
328 669 449 751 Quarta
460 677 555 732 restat
564 689 663 743 causa,
676 690 745 750 quae
756 665 888 732 maximd
898 687 1022 752 ungere

95 782 189 854 atque
208 769 370 835 sollicitam
383 768 496 833 habere
517 777 653 831 nostrum
673 777 795 831 aetatem
810 766 943 841 videtur,
960 788 1022 851 ap-

94 870 312 956 propinquatio
322 869 447 945 mortis3
464 890 532 952 quae
547 867 629 932 certe
640 868 659 931 ὰ
669 876 899 931 senectutenon
909 874 1020 950 potest

94 969 185 1054 longe
206 971 319 1040 abesse.
365 966 560 1034 Omiseram
582 987 696 1040 senem,
712 964 767 1047 qui
788 976 919 1029 mortem
940 985 1021 1028 eon-

94 1068 289 1132 temnendam
304 1089 369 1133 esse
383 1067 416 1131 in
430 1079 495 1132 tam
508 1066 601 1152 longia
611 1075 701 1130 aetate
714 1086 777 1129 non
791 1064 921 1129 videritl
943 1086 1022 1148 quae

94 1177 149 1261 aut
170 1168 260 1254 plan'd
284 1168 468 1254 negligenda
487 1177 544 1244 est,
565 1168 591 1230 si
612 1167 737 1230 omnino
754 1166 925 1251 exstinguit
946 1168 1021 1231 ani-

93 1291 196 1344 mum3
224 1278 278 1333 aut
293 1269 386 1333 etiam
400 1267 544 1352 optanda,
559 1267 585 1330 si
605 1266 708 1350 aliqud
723 1288 793 1330 eum
807 1265 942 1342 deducit,
958 1269 1020 1332 ubi

94 1367 134 1431 sit
148 1367 274 1431 futurus
288 1376 427 1430 aeternus.
473 1364 576 1448 Atqui
589 1365 718 1429 tertium
736 1364 820 1428 certe
833 1363 911 1427 nihil
926 1363 1021 1431 inve-

94 1449 157 1528 niri
169 1475 278 1550 potest
314 1468 363 1529 67.
377 1463 463 1545 Quid
477 1464 574 1550 igitur
588 1464 722 1540 timeam,
738 1464 833 1528 siant
848 1486 909 1528 non
921 1464 1021 1530 miser

94 1575 163 1649 post
178 1576 317 1639 mortem,
332 1573 387 1628 aut
401 1566 510 1628 beatus
524 1564 617 1628 etiam
630 1564 755 1627 futurus
769 1565 860 1628 sum?
894 1562 1020 1645 Quam-

95 1685 188 1746 quam
211 1663 281 1746 quis
300 1673 347 1726 est
369 1673 435 1727 tam
456 1664 580 1740 stultus,
607 1664 748 1746 quamvis
772 1662 812 1727 sit
827 1662 1019 1741 adolescens,

94 1763 145 1827 cui
167 1763 207 1827 sit
229 1762 423 1847 exploratum
447 1785 479 1827 se
499 1764 539 1828 ad
559 1785 721 1848 vespemm
747 1786 812 1828 esse
833 1764 1022 1830 victurum?

96 1860 183 1943 Quin
211 1861 304 1927 etiam
330 1872 403 1926 aetas
432 1862 486 1926 illa
508 1862 607 1928 multd
635 1864 748 1948 plures,
775 1865 869 1949 qudm
896 1874 1019 1944 nostra,

93 1962 201 2027 mortis
221 1983 308 2027 casus
322 1961 432 2026 habet:
456 1962 576 2027 facilids
594 1963 628 2026 in
648 1966 771 2029 morbos
784 1965 926 2031 incidunt
941 1968 1021 2032 ado-

93 2062 261 2140 lescentes;
281 2063 406 2149 gravium
428 2073 578 2148 aegrotant
586 2087 596 2140 ;
612 2064 732 2130 tristids
747 2077 902 2131 curantur.
947 2067 1021 2133 Ita-

94 2185 156 2246 que
176 2163 268 2248 pauci
286 2163 416 2229 veniunt
430 2163 469 2226 ad
488 2173 698 2229 senectutem:
722 2166 806 2247 quod
827 2167 860 2229 ni
874 2166 918 2230 ita
933 2169 1020 2233 acci-

94 2263 190 2335 deret,
213 2262 323 2327 melids
341 2272 373 2326 et
393 2262 576 2344 prudentids
604 2263 769 2328 viveretur.
815 2263 908 2328 Mens
930 2267 1020 2332 enim

94 2371 126 2425 et
149 2362 228 2425 ratio
250 2371 283 2426 et
307 2361 468 2426 consilium
491 2361 525 2424 iu
554 2361 678 2426 senibus
706 2373 771 2439 θείς
799 2363 854 2448 qui
879 2364 905 2428 si
933 2367 1020 2436 nulli

94 2458 235 2533 fuissent,
261 2459 354 2524 uullae
372 2459 495 2524 omnino
516 2459 657 2524 civitates
678 2476 788 2526 essent.
835 2461 898 2528 Sed
919 2464 1020 2532 redeo

94 2557 134 2620 ad
163 2566 293 2620 mortem
321 2557 558 2641 impendentem.
604 2557 697 2638 Quod
721 2559 797 2622 illud
820 2571 867 2626 cst
896 2563 1019 2630 crimen

95 2655 272 2732 senectutis,
293 2679 390 2740 quum
404 2657 481 2720 illud
499 2657 629 2721 videatis
645 2681 716 2723 cum
731 2659 934 2726 adolescentii
948 2686 1019 2731 esse

94 2757 279 2821 commane?
322 2761 372 2822 68.
391 2755 479 2822 Sensi
493 2780 551 2842 ego
565 2780 662 2840 quum
676 2759 710 2822 in
724 2760 840 2843 optimo
854 2762 918 2826 filio
932 2786 1016 2840 meo,

92 2859 162 2921 tum
184 2857 218 2920 in
244 2857 429 2942 exspectatis
448 2858 487 2922 ad
509 2853 725 2942 amplissimam
746 2860 930 2945 dignitatem
950 2864 1018 2930 fra-

94 2955 194 3020 tribus
213 2957 286 3034 tuis,
310 2955 424 3042 Scipio,
445 2957 528 3020 omni
548 2957 634 3023 aetati
652 2969 782 3022 mortem
797 2982 862 3026 esse
876 2983 1018 3029 eommu-

95 3077 174 3120 nem.
225 3055 272 3121 At
296 3067 398 3142 sperat
416 3057 601 3133 adolescens,
615 3058 669 3122 diu
688 3081 720 3123 se
734 3060 907 3125 victurum:
927 3067 1017 3145 quod

94 3175 216 3240 sperare
235 3156 317 3221 idem
339 3179 433 3220 senex
456 3178 520 3220 non
538 3167 649 3241 potest.
693 3157 880 3242 Insipienter
897 3174 1013 3246 sperat.

95 3253 182 3335 Quid
203 3254 285 3320 enim
307 3255 442 3331 stultius,
458 3257 552 3338 quim
568 3257 685 3321 incerta
702 3279 757 3341 pro
779 3260 869 3323 certis
889 3259 1015 3340 habere,

30 3350 172 3640 *filu
194 3376 250 3443 pro
278 3355 381 3421 veris?
426 3354 538 3434 Senex,
564 3379 604 3422 ue
630 3355 714 3440 quod
744 3369 845 3442 speret
875 3360 1016 3444 quidem,
