2258 3916
494 199 585 262 CAP.
605 202 684 261 VII:
999 208 1047 263 49·

108 367 199 434 enirn
219 367 351 433 amicum
375 365 430 451 qui
452 367 604 443 intuetur,
625 375 786 448 tamquam
807 367 964 452 exemplar
981 368 1038 431 ali·

107 468 191 553 quod
205 467 347 531 intuetur
362 467 418 530 sui.
465 465 621 548 Quocirca
636 475 668 529 et
690 466 835 531 absentes
856 468 979 544 adsunt,
1004 480 1037 533 et

105 578 233 653 egentes
249 568 418 645 abundant,
434 577 466 632 et
481 567 649 631 imbecilles
665 567 781 643 valent,
803 578 843 644 et,
861 570 944 652 quod
956 569 1038 633 diffi-

105 668 196 732 cilius
221 669 309 733 dictu
334 677 391 741 est,
418 667 534 730 mortui
561 666 690 730 vivunt:
719 676 826 730 tantus
846 690 898 731 eos
927 668 1035 740 honos,

104 767 264 843 memoria,
277 765 464 833 desiderium
477 765 675 850 prosequitur
691 766 869 830 amicorum.
901 766 954 830 Ex
970 767 1033 852 quo

104 867 229 931 illorum
251 869 343 932 beata
367 889 449 931 mors
480 866 614 943 videtur,
644 867 756 930 borum
775 868 841 931 vita
862 867 1033 946 laudabilis.

107 966 228 1048 Quodsi
244 967 394 1032 exemeris
415 991 455 1030 ex
469 967 582 1031 naturt
596 990 698 1030 rerum
714 967 937 1033 benevolentiae
962 991 1036 1034 con·

99 1068 305 1150 junctionem,
321 1090 378 1132 nee
399 1068 508 1133 domus
530 1068 594 1132 ulla
618 1090 674 1130 neo
694 1067 769 1131 urbs
794 1079 875 1132 stare
900 1071 1032 1153 poterit3

105 1191 145 1232 ne
176 1168 241 1253 agri
262 1168 387 1253 quidem
403 1169 507 1232 cultus
521 1168 724 1252 permanebit.
770 1167 810 1232 Id
825 1168 851 1232 si
868 1169 971 1233 minds
986 1171 1035 1234 in-

104 1267 266 1351 telligitur,
292 1278 410 1353 quanta
436 1268 482 1331 vis
505 1268 647 1331 amicitiae
668 1267 899 1350 concordiaque
920 1272 970 1344 sit,
995 1292 1035 1335 ex

104 1364 344 1429 dissensionibus
366 1377 462 1448 atque
482 1365 641 1430 discordiis
658 1365 775 1450 percipi
794 1376 906 1450 potest.
955 1366 1034 1447 Quae

103 1464 186 1528 enim
207 1465 315 1528 domus
336 1478 400 1527 tam
422 1465 550 1539 stabilis,
568 1487 636 1546 quae
657 1477 721 1527 tam
742 1464 830 1528 firma
852 1465 961 1529 civitas
976 1476 1032 1541 est,

103 1586 173 1647 quae
188 1587 250 1628 non
266 1565 343 1627 odiis
365 1575 461 1647 atque
484 1564 617 1627 dissidiis
632 1564 775 1627 funditus
792 1565 888 1648 possit
910 1566 1033 1629 everti?

103 1663 156 1743 Ex
169 1687 242 1748 que,
254 1675 410 1749 quantum
422 1664 494 1727 boni
510 1663 599 1727 sitin
614 1663 760 1739 amicitid,
771 1664 905 1747 judicari
920 1677 1033 1748 potest.

103 1768 155 1827 24.
180 1765 428 1850 Agrigentinum
450 1763 584 1849 quidem,
601 1763 728 1828 doctum
752 1764 905 1849 quendam
920 1765 1032 1842 virum,

102 1865 290 1929 carminibus
306 1864 424 1932 Graecis
440 1865 641 1929 vaticinatum
658 1864 775 1942 ferunt,
792 1888 861 1948 quae
875 1867 909 1929 in
928 1890 1033 1931 rerum

102 1966 215 2029 natur&
243 1976 372 2052 totoque
401 1967 518 2030 mundo
548 1978 734 2042 constarent,
766 1989 898 2050 quaeque
926 1989 1033 2031 move·

102 2077 221 2144 rentur,
234 2092 271 2132 ea
285 2069 465 2134 contrahere
481 2069 657 2144 amicitiam,
674 2069 821 2153 dissipare
838 2069 1029 2133 discordiam.

101 2168 213 2252 Atque
233 2170 291 2235 hoo
306 2172 432 2254 quidem
452 2194 559 2236 omnes
574 2171 719 2234 mortales
739 2180 770 2234 et
795 2170 976 2255 intelligunt
999 2185 1031 2235 et

101 2273 296 2357 reprobant
344 2273 467 2357 Itaque,
495 2274 647 2356 siquando
674 2273 801 2355 aliquod
819 2272 954 2337 officium
976 2296 1030 2338 ex-

101 2373 183 2438 stitit
204 2375 292 2439 aurici
315 2375 347 2438 in
371 2375 515 2460 periculis
536 2386 592 2438 aut
607 2375 757 2438 adeundis
780 2385 836 2438 aut
858 2376 1030 2439 communi·

101 2476 215 2551 caudis,
241 2477 311 2561 quis
334 2488 391 2553 cst,
416 2477 471 2561 qui
494 2477 526 2540 id
552 2499 613 2540 non
636 2477 778 2541 maximis
800 2477 907 2541 efferat
930 2477 1029 2541 laudi·

100 2579 182 2643 bus?
227 2578 292 2661 Qui
314 2579 461 2643 clamores
481 2578 548 2643 total
574 2577 667 2642 saved
686 2602 785 2663 nuper
806 2579 838 2642 in
852 2578 981 2662 hospitis
996 2591 1029 2644 et

100 2679 190 2743 amici
201 2681 272 2756 mei,
289 2680 336 2744 M.
350 2679 489 2756 Pacuvii,
507 2680 587 2743 novi
602 2679 733 2755 Fabula,
747 2702 854 2763 quum,
867 2681 1028 2764 ignorante

99 2804 172 2867 rege
196 2793 267 2847 uter
289 2805 395 2847 eorum
416 2797 496 2847 esset
518 2781 654 2859 Orestes,
675 2782 810 2866 Pylades
831 2782 976 2847 Orestem
995 2804 1027 2847 se

99 2904 166 2947 esse
188 2883 314 2958 diceret,
337 2894 374 2951 ut
396 2905 452 2967 pro
473 2884 526 2947 illo
553 2895 733 2958 necaretur3
763 2882 889 2948 Orestes
911 2894 1026 2960 autern,

98 2985 144 3050 ita
163 2995 199 3050 ut
221 2996 296 3061 erat,
319 2984 463 3050 Orestem
486 3008 518 3049 se
540 3009 605 3050 esse
629 2985 854 3069 perseveraret!
900 2985 1027 3052 Stantes

98 3086 288 3172 plaudebant
303 3089 336 3151 in
352 3111 383 3150 re
395 3087 488 3152 ficta:
506 3088 581 3171 quid
596 3088 782 3152 arbitramur
797 3088 829 3150 in
844 3090 916 3152 vers
931 3089 1026 3154 fuisse

97 3189 257 3254 facturos?
301 3189 407 3252 Facile
429 3188 587 3253 indicabat
608 3189 674 3274 ipsa
693 3199 806 3255 natura
832 3189 895 3255 vim
919 3213 1024 3263 suam;

98 3315 198 3377 quum
212 3292 360 3367 homines
376 3291 460 3376 quod
479 3291 578 3355 facere
593 3292 652 3376 ipsi
669 3315 732 3357 non
746 3305 881 3377 possent,
897 3292 929 3355 id
943 3292 1026 3356 recte

96 3393 164 3458 fieri
187 3393 220 3457 in
240 3393 337 3458 altero
352 3391 539 3478 judicarent.
587 3391 749 3457 Hactenus
765 3391 840 3456 mihi
855 3391 970 3468 videor,
987 3390 1025 3456 de

548 3509 574 3555 ¹³
998 3522 1102 3632 A
