2258 3916
112 197 150 254 62
479 195 653 256 LAELIUS.

156 359 255 426 XVI.
277 364 329 425 56.
346 359 650 426 Constituendisunt
660 372 765 425 autem
777 360 835 445 qui
845 360 908 426 sint
919 361 952 424 iu
963 361 1044 425 ami-

113 460 186 526 citit
197 461 273 524 fines
289 470 322 526 et
337 461 427 544 quasi
442 461 569 525 termini
585 461 743 546 diligendi.
783 460 835 525 De
847 460 961 545 quibus
976 471 1045 526 tres

112 562 202 627 video
222 561 391 626 sententiae
410 560 495 639 ferri,
511 584 645 648 quarum
659 561 778 632 nullam
792 563 909 647 probo:
933 584 1043 639 unam,

113 672 151 726 ut
172 661 278 726 eodem
299 660 391 725 modo
412 684 486 748 erga
506 661 620 731 amicos
642 661 746 727 affecti
764 661 870 737 simus,
887 684 951 746 quo
967 684 1045 747 erga

114 761 332 845 nosmetipsos3
356 759 495 843 alteram,
519 771 556 827 ut
578 771 685 826 nostra
708 761 742 824 in
765 760 879 826 amicos
908 760 1045 825 benevo-

114 861 210 926 lentia
230 859 354 925 illorum
375 883 451 947 erge
470 884 526 926 nos
545 861 768 926 benevolentiae
783 861 900 946 pariter
914 861 1044 944 aequuli-

114 970 225 1046 terque
250 961 452 1047 respondean
487 962 623 1040 tertiam,
646 972 695 1038 ut,
717 962 829 1045 quanti
852 961 986 1045 quisque
1008 983 1044 1026 sc

114 1061 181 1146 ipse
206 1061 290 1139 facit,
313 1062 396 1126 tanti
417 1061 472 1129 fiat
494 1063 533 1127 ab
557 1061 672 1126 amicis.
719 1061 844 1126 Harum
859 1061 956 1126 trium
972 1083 1045 1125 seu-

114 1163 282 1228 tentiarum
304 1163 383 1227 nulli
408 1185 533 1251 prorsus
558 1162 718 1227 assentior.
782 1162 852 1227 Nec
878 1165 961 1226 enirn
989 1160 1044 1225 illa

114 1262 213 1347 prima
234 1285 307 1326 vera
329 1273 386 1338 est,
401 1272 449 1338 ut,
464 1262 725 1345 quemadmodum
739 1260 773 1325 in
788 1283 820 1326 se
836 1261 981 1345 quisque,
998 1258 1044 1324 sic

115 1362 149 1425 in
171 1362 314 1438 amicum,
340 1360 381 1425 sit
406 1361 569 1425 animatur.
615 1364 665 1426 57.
692 1352 796 1442 Quam
821 1359 922 1424 multa
946 1359 1042 1435 enim,

116 1484 184 1545 quae
200 1461 305 1524 nostri
319 1460 409 1524 causi
423 1483 585 1545 nunquam
604 1461 784 1537 faceremus,
800 1459 932 1524 facimus
946 1459 1043 1522 cause

114 1559 311 1623 amicorum?
365 1558 492 1624 Precari
521 1561 560 1625 ab
590 1559 729 1645 indigno,
756 1559 940 1645 supplicare,
971 1569 1044 1622 tum

115 1661 254 1724 acerbius
268 1659 302 1723 in
316 1660 451 1744 aliquem
462 1661 577 1738 invehi,
590 1661 798 1747 insectarique
813 1659 1042 1735 vehementius,

116 1781 184 1842 quae
204 1759 238 1822 in
259 1759 372 1824 nostris
391 1760 484 1825 rebus
498 1784 562 1826 non
576 1762 651 1826 satis
665 1761 804 1839 honeste,
820 1761 854 1825 in
869 1760 1041 1824 amicorum

115 1857 196 1923 fiunt
217 1857 451 1935 honestissime3
474 1859 644 1944 multaeque
659 1883 708 1926 res
723 1870 806 1937 sunt,
822 1860 855 1923 in
871 1858 987 1944 quibus
1002 1857 1043 1921 de

115 1959 178 2022 suis
193 1959 360 2024 commodis
374 1959 434 2026 viri
455 1947 529 2026 boui
549 1963 647 2026 multa
667 1962 837 2027 detrahunt
856 1958 1043 2042 detrahique

115 2059 286 2144 patiuntur,
302 2072 338 2125 ut
361 2061 399 2126 iis
422 2062 514 2128 amici
536 2063 651 2148 potius,
674 2064 768 2146 quium
791 2061 859 2147 ipsi,
883 2059 1040 2125 sinuntur.

115 2164 165 2224 58.
191 2159 302 2225 Altera
321 2163 477 2228 sententia
491 2174 549 2240 est,
565 2186 636 2248 quae
650 2163 760 2228 definit
774 2161 942 2227 amicitiam
957 2158 1043 2244 pari·

115 2262 174 2325 bue
197 2261 304 2325 officiis
318 2285 354 2327 ac
369 2263 591 2328 voluntatibus.
640 2264 713 2329 Hoc
728 2263 855 2347 quidem
877 2272 924 2327 est
946 2261 1042 2329 nimis

115 2360 227 2446 exigue
252 2370 284 2425 et
307 2361 429 2427 exiliter
454 2363 493 2426 ad
514 2363 648 2428 calculos
670 2386 781 2428 vocare
803 2362 982 2437 amicitiam,
1004 2371 1043 2425 ut

115 2484 172 2546 par
186 2461 226 2525 sit
240 2462 319 2527 ratio
337 2474 534 2549 acceptorum
549 2477 580 2529 et
595 2466 747 2530 datorum.
794 2465 901 2530 Ditior
916 2463 994 2526 mihi
1009 2473 1043 2526 et

115 2561 289 2626 affluentior
305 2562 507 2629 videturesse
523 2587 597 2630 vera
617 2564 772 2641 amicitia3
795 2587 854 2630 nec
874 2565 1042 2629 observare

114 2660 265 2737 restricte,
289 2683 328 2725 ne
354 2663 424 2747 plus
450 2663 569 2741 reddat,
593 2666 688 2748 quium
710 2664 872 2749 acceperit
924 2662 1043 2748 Neque

114 2761 196 2826 enim
218 2762 386 2826 verendum
410 2774 468 2839 est,
482 2787 523 2830 ne
545 2765 622 2848 quid
637 2765 770 2841 excidat,
786 2777 842 2830 aut
857 2788 897 2830 ne
912 2765 991 2848 quid
1006 2765 1042 2829 in

114 2870 227 2924 terram
250 2861 376 2938 defluat,
392 2875 448 2926 aut
469 2885 509 2928 ne
531 2863 601 2948 plus
623 2887 712 2948 aequo
731 2865 808 2949 quid
822 2867 856 2928 in
870 2864 1043 2943 amicitiam

114 2973 307 3045 congeratur.
353 2967 404 3028 59.
431 2963 559 3030 Tertius
573 2965 648 3031 vern
662 2966 715 3031 ille
737 2966 808 3030 finis
830 2965 1037 3031 deterrimus:

113 3071 160 3136 ut,
176 3061 286 3142 quanti
302 3062 436 3147 quisque
451 3065 564 3150 seipse
579 3065 682 3143 faciat,
699 3066 781 3130 tanti
795 3066 851 3130 fiat
866 3069 905 3131 ab
920 3066 1040 3132 amicis.

115 3156 203 3245 Saepe
228 3161 311 3224 enim
332 3161 366 3225 in
385 3162 571 3246 quibusdum
594 3177 648 3230 aut
671 3167 794 3231 animus
814 3165 965 3250 abjectior
980 3176 1040 3244 est,

113 3270 169 3327 aut
191 3283 260 3347 spes
286 3263 508 3348 amplificandae
533 3265 667 3332 fortuuae
691 3266 827 3332 fractior.
886 3266 964 3331 Non
991 3278 1041 3333 est

112 3360 211 3448 igitur
231 3364 321 3428 amici
344 3364 438 3429 talem
460 3388 526 3431 esse
540 3366 573 3430 in
588 3391 670 3444 eum,
687 3367 787 3450 quulis
802 3366 856 3432 ille
871 3366 905 3431 in
920 3391 953 3433 se
968 3378 1039 3445 θεῖς

113 3460 167 3526 red
181 3463 285 3549 potius
297 3464 374 3530 eniti
389 3474 421 3530 et
435 3465 566 3546 efficere,
578 3477 614 3534 ut
626 3467 717 3532 amici
727 3467 884 3550 jacentem
900 3467 1043 3535 animum
