2258 3916
488 166 640 271 onum
794 164 797 170 ⁴
987 210 1024 271 41

102 397 240 442 socerum
269 375 402 442 veniunt
430 384 501 460 post
529 383 664 439 mortem
694 370 848 438 Africani.
894 371 953 445 Ab,
977 372 1026 438 his

101 496 200 538 sermo
215 473 322 539 oritur.
368 473 551 558 Respondet
567 472 703 536 Laelius:
728 472 816 556 cujus
838 480 904 536 tota
919 470 1025 556 dispu-

100 573 178 637 tatio
207 582 254 638 est
282 571 321 637 de
351 571 511 649 Anicius,
541 569 637 655 quam
661 571 767 657 legens
796 579 833 634 tu
861 580 894 635 te
922 570 1026 656 ipsum

100 695 273 760 cognosces.

143 871 190 936 II.
218 875 247 936 6.
270 871 442 936 FANNIUS.
490 870 573 937 Sunt
601 870 673 948 isto,
704 869 794 934 Laeli.
840 869 910 935 Neo
940 870 1024 936 enim

97 973 209 1036 melior
222 973 270 1037 vir
283 972 345 1036 fuit
356 971 507 1036 Africano
522 971 688 1055 quisquam
710 993 769 1035 neo
792 970 911 1036 clarior.
959 971 1024 1038 sed

98 1072 277 1136 existimare
301 1072 395 1137 debes
418 1073 557 1136 omnium
586 1071 691 1136 oculos
721 1093 805 1135 nune
834 1071 868 1134 in
896 1082 929 1137 te
956 1095 1023 1138 esse

98 1173 272 1254 conjectos:
295 1194 393 1235 uuum
408 1182 439 1236 te
454 1172 625 1255 sapientem
638 1181 671 1235 et
688 1171 846 1255 appellant
865 1181 898 1235 et
915 1171 1023 1237 existi-

98 1279 194 1333 mant.
241 1257 452 1335 Tribuebatur
473 1270 532 1334 hoo
551 1269 643 1334 modo
664 1269 711 1333 M.
731 1268 853 1334 Catoni.
901 1267 1023 1335 Scimus

98 1369 139 1434 L.
167 1368 303 1434 Atilium
337 1370 420 1455 apud
449 1380 555 1454 patres
584 1379 705 1434 nostros
734 1370 925 1454 appellatum
955 1392 1021 1435 esse

98 1469 276 1554 sapientem.
325 1469 386 1536 Sed
412 1480 545 1553 uterque
566 1470 627 1535 alio
649 1471 783 1553 quodam
805 1471 914 1534 modo:
948 1470 1023 1535 Ati-

97 1568 169 1648 lius,
199 1570 273 1654 quis
301 1570 437 1655 prudens
462 1593 528 1636 esse
557 1570 591 1634 in
616 1571 688 1655 jure
718 1570 802 1635 civili
830 1573 1020 1657 putabatur3

98 1667 189 1745 Coto,
208 1670 282 1754 quia
301 1669 469 1734 multorum
491 1692 594 1735 rerum
615 1692 707 1733 usum
729 1669 870 1734 habebat.
916 1669 1023 1734 Multo

97 1768 163 1852 ejus
180 1779 212 1832 et
232 1768 266 1831 in
285 1780 396 1832 senatu
416 1778 448 1832 et
469 1768 503 1831 in
525 1767 602 1844 foro,
626 1767 677 1832 vel
698 1766 820 1853 provise
842 1767 1021 1852 prudenter,

96 1867 148 1932 vel
162 1877 230 1932 acta
249 1878 434 1945 constanter,
457 1869 508 1934 vel
528 1890 676 1954 responsu
698 1868 798 1944 acute,
821 1866 1019 1932 ferebantur:

96 1969 261 2054 proptereat
276 1968 372 2051 quasi
384 1990 556 2053 cognomen
569 1968 784 2053 jamhabebat
806 1967 840 2030 in
861 1978 1021 2033 senectute

99 2067 264 2152 Sapientis.
311 2067 358 2131 Te
373 2079 476 2131 autem
492 2067 552 2131 alio
570 2067 704 2151 quodam
719 2065 820 2142 modo,
836 2088 901 2130 uon
921 2066 1022 2130 solum

95 2168 209 2233 uatum
226 2177 260 2239 et
284 2168 432 2244 moribus,
456 2169 565 2233 verum
585 2167 803 2232 etiam-studio
821 2176 853 2231 et
870 2167 1020 2245 doctr-int,

95 2290 162 2332 esse
188 2268 478 2353 sapientem-noo
500 2269 582 2334 siem
606 2268 731 2354 vulgus,
757 2267 811 2332 sed
840 2278 878 2332 ut
907 2268 1021 2332 eruditi

97 2370 198 2434 solent
212 2369 366 2455 appellare
381 2369 604 2455 sapientem-
614 2370 739 2453 qualem
760 2369 795 2432 iu
815 2368 883 2432 toto
899 2367 1021 2434 Graecifi

96 2469 260 2534 neminem.
306 2475 335 2535 7.
359 2469 514 2555 Numqui
532 2471 650 2556 Septem
665 2469 870 2555 appellantur,
888 2490 949 2545 eos,
965 2468 1021 2552 qui

96 2569 157 2634 ista
179 2570 322 2635 subtilius
349 2580 504 2652 quaerunt,
529 2570 563 2634 iu
589 2591 718 2634 numero
748 2569 935 2654 sapientium
958 2590 1021 2633 non

97 2668 229 2734 habeut:
253 2665 390 2733 Athenis
411 2691 510 2733 unum
534 2669 717 2754 accepimus,
744 2677 776 2732 et
799 2689 872 2731 eum
895 2666 1022 2750 quidem

97 2767 193 2832 etiam
217 2767 374 2853 Apollinis
404 2769 528 2834 oraoulo
558 2768 817 2854 sapientissimum
835 2767 1026 2852 judicatum.-

100 2868 194 2933 Hono
207 2890 273 2934 esse
287 2870 321 2932 in
334 2879 368 2934 te
382 2870 566 2954 sapientiam
586 2869 776 2944 existimant,
798 2878 835 2932 ut
850 2866 953 2931 omnia
966 2875 1023 2930 tuo

98 2966 134 3026 in
155 2975 188 3030 te
212 2967 312 3050 posita
336 2969 440 3045 ducas,
464 2968 680 3052 humanosque
697 2989 786 3032 ossus
805 2966 923 3031 virtute
942 2963 1023 3029 infe-

99 3065 194 3129 riores
208 3076 306 3151 putes.
352 3067 467 3151 Itaque
481 3091 521 3134 ex
536 3091 586 3134 me
600 3079 755 3152 quaerunt,
772 3067 862 3132 credo
883 3064 960 3130 item
982 3086 1022 3130 ex

99 3176 142 3236 te,
161 3160 306 3239 Scaevola,
328 3185 464 3248 quonam
483 3174 574 3251 pacto
599 3176 731 3229 mortem
754 3161 898 3228 Africani
920 3160 1000 3225 feras
1011 3184 1021 3237 3

100 3263 200 3344 eoque
228 3261 335 3348 magis,
365 3264 449 3347 quod
477 3265 525 3330 his
554 3252 703 3350 proximis
727 3264 836 3340 Nonis,
861 3284 961 3346 quum
989 3260 1023 3326 in

99 3360 205 3426 hortos
234 3359 277 3424 D.
307 3360 403 3427 Bruti
430 3363 558 3448 auguris
596 3361 824 3428 commentandi
854 3359 955 3436 causo,
986 3370 1024 3424 ut

99 3459 221 3538 ossolet,
237 3461 437 3542 venissemus,
452 3473 490 3531 tu
500 3486 565 3530 non
575 3464 704 3542 affuisti,
722 3463 777 3550 qui
789 3458 1025 3548 diligentissime
