2264 3914
448 181 538 244 off.
552 181 673 243 xxm
988 183 1025 247 37

99 369 220 433 semper
245 347 291 413 its
314 347 530 434 prospieiebat,
556 346 656 432 quasi,
684 369 783 433 quum
805 346 984 413 excessisset
1007 349 1026 414 d

98 451 174 527 vitot,
190 460 259 515 tum
281 448 416 533 denique
430 450 572 514 victurus
593 460 682 514 esset
730 448 824 532 Quod
846 448 972 532 quidem
992 450 1026 514 ni

97 549 144 615 ita
173 573 206 615 se
234 551 372 627 haberet,
396 560 433 615 ut
461 550 557 614 animi
585 549 773 614 immortales
802 560 915 627 essent,
941 550 1026 615 haud

97 650 210 736 optimi
233 653 384 735 cujusque
403 650 524 715 animus
546 650 681 715 maxime
702 651 742 715 ed
760 649 1026 715 immortalitatem

98 750 205 836 gloriae
215 751 376 815 niteretur.
412 755 462 814 83.
482 749 577 832 Quid,
590 749 674 833 quod
685 749 929 834 sapientissimus
941 749 1026 832 quis·

98 873 161 934 que
185 850 360 934 aequissimo
383 850 486 916 animo
512 851 654 926 moritur,
670 849 872 915 stultissimus
895 850 1026 933 iniquis·

98 951 199 1015 simo?
222 951 336 1016 Nonne
347 951 436 1016 vobis
446 951 572 1017 videtur
586 951 707 1030 animus
719 952 755 1028 is,
770 950 827 1035 qui
841 950 911 1036 plus
920 961 1027 1016 cernat

99 1061 132 1117 et
146 1051 282 1137 longids,
293 1051 398 1116 videre
413 1075 445 1117 ee
460 1053 500 1117 ed
511 1053 638 1118 meliora
652 1052 822 1137 proficisci:
846 1052 899 1117 ille
910 1061 1025 1128 autem,

98 1150 188 1234 oujue
203 1150 343 1215 obtusior
356 1151 397 1215 sit
411 1151 501 1228 acies,
511 1174 575 1215 uon
585 1151 716 1217 videre?
747 1151 904 1234 Equidem
915 1151 1027 1217 efferor

99 1249 203 1313 studio
225 1259 328 1335 patres
345 1260 474 1328 vestros,
499 1273 577 1334 quos
599 1251 682 1316 colui
704 1258 736 1314 et
758 1248 864 1327 dilexi,
881 1248 1023 1314 videndi:

98 1372 201 1434 neque
216 1350 290 1415 verd
305 1373 356 1415 eos
371 1352 471 1417 soldm
487 1353 654 1418 convenire
674 1375 760 1428 aveo,
777 1374 855 1435 quos
873 1351 939 1437 ipse
953 1373 1028 1437 oog-

99 1437 173 1515 novi
185 1476 193 1526 ;
210 1450 264 1515 sed
278 1450 348 1515 illos
363 1451 467 1528 etiam,
484 1452 523 1516 de
533 1452 648 1536 quibus
656 1452 771 1528 audivi,
785 1462 815 1516 et
827 1451 899 1537 legi,
913 1462 945 1515 et
959 1451 1026 1536 ipse

98 1549 273 1634 conscripsi.
310 1548 383 1630 Qud
394 1550 522 1634 quidem
537 1574 586 1616 me
600 1552 846 1637 proficiscentem
858 1550 941 1614 houd
952 1549 1026 1614 sane

98 1650 1025 1738 quisfuoileretraxerit,nequetamquamPeliamreooxerit.

98 1750 195 1833 Qudd
208 1751 235 1815 si
249 1753 320 1836 quis
336 1753 425 1818 Deus
438 1754 515 1818 mihi
526 1754 688 1841 largiatur,
700 1763 737 1820 ut
747 1776 787 1818 ex
801 1753 859 1818 hoo
874 1761 966 1818 aetate
977 1774 1026 1817 re·

98 1874 279 1936 puerasoam
300 1863 333 1918 et
350 1854 384 1917 in
403 1855 492 1920 cunis
506 1857 640 1942 vagiam,
656 1855 747 1921 valde
761 1877 909 1920 recusem.
956 1853 1026 1918 Neo

98 1953 172 2018 verd
183 1954 288 2030 velim,
299 1954 389 2038 quasi
397 1956 526 2021 decurso
538 1959 647 2043 spatio,
663 1958 703 2022 ad
711 1979 848 2022 oaroeres
856 1957 875 2020 d
883 1955 966 2020 oeloe
976 1977 1026 2028 re·

98 2052 210 2117 vocari.
242 2057 293 2117 84.
312 2052 398 2134 Quid
408 2055 491 2118 enim
502 2056 597 2121 habet
608 2058 674 2122 vita
684 2054 860 2121 commodi?
875 2054 950 2138 quid
962 2075 1026 2118 non

72 2204 74 2208 .
97 2151 203 2237 potius
216 2149 355 2217 laboris?
390 2152 454 2218 Sed
468 2154 580 2219 habeat
595 2154 688 2230 sand3
711 2153 806 2217 habet
821 2153 905 2243 eertd
920 2161 1025 2239 tamem

98 2263 152 2315 aut
175 2251 350 2317 satietatem
377 2263 431 2318 aut
453 2254 589 2319 modum.
636 2254 710 2320 Non
731 2251 821 2317 lubet
842 2252 925 2317 enim
949 2251 1025 2315 mihi

97 2351 257 2439 deplorare
279 2353 387 2430 vitam,
411 2354 496 2438 quod
517 2355 620 2432 multi,
636 2364 669 2420 et
689 2353 713 2419 ii
734 2353 828 2430 docti,
844 2374 925 2438 ssepe
944 2351 1025 2418 feoe-

97 2461 190 2516 runt:
214 2473 317 2535 neque
339 2475 389 2517 me
412 2453 526 2518 vixisse
547 2454 689 2540 poenitet,
712 2453 860 2542 quoniam
881 2452 927 2517 ita
947 2451 1023 2529 vixi,

97 2564 135 2630 ut
156 2573 219 2616 non
242 2551 359 2618 frustrd
380 2575 429 2618 me
450 2565 561 2619 natum
583 2554 777 2631 existimem3
800 2563 887 2619 etex
900 2551 967 2618 virt
980 2551 1026 2617 ita

97 2653 229 2730 discedo,
240 2662 401 2737 tamquam
413 2676 452 2719 ex
467 2655 612 2741 hospitio,
622 2678 685 2719 non
696 2664 857 2738 tamquam
868 2674 908 2717 ex
922 2650 1023 2717 domo.

98 2752 320 2819 Commorundi
349 2753 432 2817 enim
461 2765 573 2820 natura
600 2753 810 2820 deversorium
838 2750 938 2828 nobis,
961 2773 1026 2816 non

97 2853 258 2919 habitandi
294 2853 398 2918 looum
428 2855 521 2920 dedit
579 2860 630 2921 85.
663 2854 693 2922 Ο
722 2853 904 2940 praeclarum
932 2851 1024 2929 diem,

98 2978 196 3039 quum
211 2957 250 3020 ad
264 2954 344 3020 illud
359 2955 500 3022 divinum
522 2956 695 3022 animorum
717 2954 881 3022 ooneilium
895 2962 1026 3019 ooetum-

98 3080 160 3142 que
175 3057 368 3142 proficiscen
393 3079 554 3142 quumque
569 3081 609 3122 ex
623 3058 682 3124 hoe
696 3056 789 3122 turbo
804 3066 837 3122 et
852 3054 1026 3120 colluvione

98 3151 270 3224 discedamt
314 3158 499 3224 Profioisoer
513 3159 598 3224 enim
617 3180 680 3223 uon
695 3159 735 3223 sd
750 3179 801 3222 eos
817 3156 918 3222 solum
932 3154 1024 3231 viros,

97 3260 137 3324 de
159 3259 274 3343 quibus
295 3260 369 3326 ante
391 3260 466 3337 dixi,
483 3261 536 3326 sed
558 3261 653 3348 etiam
674 3261 714 3325 ed
730 3259 884 3327 Catonem
898 3279 1023 3331 meum3

98 3380 163 3444 quo
188 3379 280 3424 nemo
296 3357 346 3424 vir
369 3360 479 3424 melior
502 3369 596 3424 natus
617 3369 675 3437 est,
690 3381 782 3424 nemo
805 3358 924 3444 pietate
947 3377 1026 3446 proe-

97 3459 239 3526 stantior.
286 3457 386 3546 Cujus
408 3461 428 3526 d
449 3484 499 3527 me
521 3482 632 3548 corpus
654 3470 825 3526 crematum
841 3457 1027 3549 est-quod
