2258 3916
87 283 105 338 8
414 271 525 334 CATO
546 270 697 331 MAJOR.

87 441 179 506 faciat
198 440 369 516 infirmius3
392 439 527 515 tertiam,
550 437 634 523 qubd
655 435 756 522 privet
777 433 921 500 omnibus
943 433 1018 501 ferd

86 542 318 629 voluptatibus3
353 551 506 626 quartam,
532 541 616 624 qubd
640 538 724 602 haud
749 537 857 622 procul
884 536 966 601 absit
994 538 1017 602 d

86 655 193 710 morte.
217 644 346 719 Earum,
362 643 388 707 si
402 642 513 727 placet,
529 663 701 717 causarum,
717 650 834 723 quanta
850 640 1017 724 quamque

87 746 128 810 sit
137 747 223 830 justa
237 766 444 829 unaquaeque,
460 743 626 808 videamus.

8 932 63 985 ,aa
130 945 192 1011 VI.
209 945 344 1011 Arabus
357 946 500 1032 gerendis
516 956 658 1011 senectus
673 943 832 1009 abstrahit.
859 941 1017 1024 Quibus?

87 1046 143 1110 An
157 1047 195 1111 iis
210 1069 280 1131 quae
294 1048 494 1132 gerunturiu
506 1049 675 1132 juventute
690 1054 722 1111 et
737 1045 879 1110 viribus?
923 1043 959 1108 N
961 1045 1018 1109 ul-

86 1146 163 1212 laeue
184 1146 282 1232 igitur
303 1169 352 1212 res
373 1158 447 1212 sunt
469 1147 589 1223 seniles,
617 1168 696 1231 quae,
718 1144 769 1210 vel
791 1143 921 1209 infirmis
944 1165 1018 1208 cor·-

86 1249 220 1334 poribus,
243 1249 346 1314 animo
368 1260 473 1314 tamen
499 1247 776 1313 administrentur?
821 1245 911 1310 Nihil
935 1247 1018 1331 ergb

86 1352 197 1434 agebat
214 1351 255 1432 Q.
271 1351 458 1432 Maximus?
481 1349 570 1414 Nihil
592 1349 632 1414 L.
649 1348 791 1424 Paullus,
815 1358 903 1432 pater
924 1356 1016 1425 tuus,

90 1449 201 1534 Scipio,
225 1473 311 1514 socer
335 1451 444 1534 optimi
469 1450 538 1526 viri,
568 1449 626 1514 filii
653 1450 740 1532 mei?
775 1447 882 1515 Ceteri
911 1469 1017 1525 senes,

86 1551 234 1627 Fabricii,
252 1550 351 1628 Curii,
369 1551 566 1628 Coruncanii,
583 1559 681 1635 quum
695 1550 918 1635 rempublicam
934 1571 1017 1613 con·

87 1653 201 1718 silicet
216 1654 401 1718 auctoritate
416 1653 635 1730 defendebant,
659 1650 737 1715 nihil
758 1650 912 1736 agebant?
960 1654 1015 1715 16.

87 1754 142 1818 Ad
168 1753 253 1839 App.
283 1754 407 1821 Claudii
434 1763 625 1819 senectutem
651 1753 816 1818 accedebat
843 1751 947 1826 etiam,
975 1763 1019 1817 ut

87 1879 184 1920 caecus
210 1868 310 1922 essct:
334 1867 438 1921 tamen
460 1857 496 1933 is,
520 1879 619 1940 quum
640 1855 793 1920 sententia
815 1853 940 1919 senatds
965 1854 1019 1918 in·

87 1956 217 2022 clin'aret
239 1959 278 2022 ad
299 1980 405 2042 pacem
428 1968 461 2023 et
482 1959 582 2022 foedus
596 1956 773 2021 faciendum
788 1977 860 2019 cum
875 1953 1017 2038 Pyrrho,

87 2081 151 2123 non
176 2060 334 2126 dubitavit
359 2060 460 2125 dicere
485 2059 548 2136 illa,
575 2081 645 2144 quae
667 2057 806 2124 versibus
829 2067 1019 2143 persecutus

87 2172 133 2226 est
149 2160 291 2226 Ennius:

178 2302 245 2380 Qud
260 2306 340 2366 cobis
354 2315 472 2380 mentes,
489 2316 576 2368 reotoe
591 2328 657 2389 quae
672 2316 755 2368 stare
768 2305 901 2367 solebant

172 2407 321 2479 Antehac,
337 2407 481 2468 dementes
496 2407 679 2489 aesefleaere
693 2410 780 2468 viat?

88 2574 251 2648 ceteraque
266 2565 462 2650 gravissimd3
486 2578 594 2630 notum
610 2566 692 2630 enim
703 2566 791 2630 vobis
807 2587 928 2630 carmen
946 2577 1018 2632 est:

88 2674 121 2730 et
135 2676 239 2729 tamen
253 2667 349 2751 ipsius
365 2668 462 2754 Appii
477 2680 579 2733 exstat
599 2669 706 2732 oratio.
753 2667 864 2753 Atque
879 2669 944 2732 hacc
961 2669 1021 2734 ille

88 2768 154 2853 egit
167 2777 286 2853 septem
301 2779 333 2834 et
348 2770 452 2834 decem
467 2792 563 2833 annos
578 2780 648 2854 post
663 2769 794 2833 alterum
807 2769 1020 2846 consulatum,

88 2892 186 2953 quum
200 2870 283 2935 inter
297 2870 374 2934 duos
396 2871 574 2935 consulatus
596 2871 670 2935 anni
693 2871 799 2935 decem
821 2870 1022 2936 interfluxis-

88 2982 167 3047 sent,
191 2994 361 3056 censorque
376 2983 448 3037 ante
463 2973 659 3037 consulatum
682 2973 869 3058 superiorem
892 2971 1018 3038 fuisset.

88 3072 143 3136 Ex
173 3093 235 3155 quo
264 3073 459 3160 intelligitur,
490 3072 607 3158 Pyrrhi
638 3073 718 3138 bello
752 3074 901 3158 grandem
941 3077 1022 3141 sane

88 3172 200 3247 fuisse3
225 3184 258 3238 et
274 3184 376 3265 tamen
392 3175 435 3238 sic
450 3176 469 3238 a
483 3176 623 3259 patribus
638 3177 821 3260 accepimus.
858 3180 906 3239 17.
925 3174 1021 3240 Nihil

89 3274 186 3360 igitur
202 3275 346 3352 afferunt,
363 3276 465 3359 quiin
481 3276 664 3361 regerendri
684 3279 799 3341 versari
821 3286 1020 3342 senectutem
1058 3306 1062 3321 ·

90 3388 223 3462 negant3
247 3377 423 3464 similesque
449 3387 532 3455 sunt,
552 3389 590 3443 ut
612 3378 694 3460 siqui
720 3378 960 3464 gubernatorem
985 3380 1021 3444 in

89 3478 266 3565 navigando
280 3480 359 3545 nihil
373 3503 464 3569 agere
480 3481 595 3558 dicant,
609 3502 709 3564 quum
734 3481 785 3544 alii
807 3480 905 3545 malos
927 3503 1022 3546 scan-

90 3579 177 3658 dant,
193 3581 246 3646 alii
260 3604 316 3669 par
330 3584 412 3651 foros
427 3592 561 3659 cursent,
578 3572 630 3647 alii
649 3581 802 3648 sentinam
817 3582 1021 3660 exhauriant,
