2264 3914
125 239 165 294 20
449 237 561 298 CATO
581 239 732 299 MAJOR.

126 423 159 465 se
179 422 235 485 pro
250 400 408 486 republica
427 413 539 485 quarto
554 403 716 468 consulatu
731 403 905 469 devoverat.
952 403 1059 473 Nbrat

125 502 258 567 eundem
274 503 447 581 Fabricius,
464 505 554 570 nbrat
571 505 802 572 Coruncanius:
827 507 882 590 qui
902 528 1002 591 quum
1016 528 1060 572 ex

126 605 183 667 sub
205 604 280 682 vita,
306 616 375 670 tum
393 628 432 670 ex
456 607 532 690 ejus,
557 628 650 691 quem
676 608 754 684 dico,
778 606 816 671 P.
844 607 935 671 Decii
959 607 1057 686 facto,

122 705 304 789 judicabant
315 729 380 771 esse
390 707 530 792 profeotd
545 708 664 791 aliquid
674 708 786 772 naturai
800 708 943 793 pulcrum
957 720 1058 793 atque

125 807 315 891 praclarum,
347 809 431 893 quod
464 810 520 874 sud
551 819 660 895 sponte
692 821 860 894 peteretur,
895 810 1057 894 quodque,

126 911 229 994 spreti
252 919 285 975 et
304 912 460 976 contemti
485 911 655 996 voluptate,
682 911 817 996 optimus
847 911 980 996 quisque
1007 934 1058 978 se·

125 1021 282 1094 queretur.
325 1018 379 1076 44.
404 1012 562 1094 Quorsum
582 1013 680 1097 igitur
693 1024 759 1076 tam
776 1012 875 1076 multa
889 1013 928 1077 de
944 1012 1058 1100 volup·

124 1115 213 1178 tate?
237 1115 398 1199 quianon
421 1114 512 1179 modd
534 1115 721 1199 vituperatio
749 1114 846 1191 nulla,
876 1115 930 1179 sed
959 1116 1058 1180 etiam

124 1237 245 1281 summa
258 1217 325 1282 laus
344 1217 511 1283 senectutis
525 1228 582 1293 est,
604 1217 688 1302 qubd
707 1239 743 1281 ea
762 1216 937 1302 voluptates
952 1217 1057 1283 nullas

123 1341 310 1404 magnopere
324 1319 485 1384 desiderat.

136 1446 151 1461 ··
168 1421 217 1485 At
232 1433 316 1485 caret
338 1420 448 1505 epulis,
467 1418 694 1503 exstructisque
714 1419 837 1496 mensis,
854 1429 886 1485 et
905 1420 1058 1505 frequen·

123 1519 209 1586 tibus
230 1521 358 1607 poculis.
404 1521 500 1588 Caret
519 1523 593 1607 ergb
615 1522 708 1587 etiam
732 1522 912 1600 vinolentia,
928 1533 960 1588 et
982 1545 1060 1590 cru·

124 1623 231 1701 ditate,
262 1635 295 1690 et
323 1625 489 1690 insomniis.
538 1625 600 1691 Sed
630 1625 656 1690 si
685 1626 803 1710 aliquid
838 1625 976 1690 dandum
1006 1637 1057 1693 est

123 1724 288 1809 voluptati,
309 1727 456 1810 quoniam
477 1728 543 1810 ejus
569 1727 726 1792 blanditiis
749 1749 813 1791 non
838 1727 928 1792 facile
954 1730 1056 1794 obsis·

123 1826 375 1894 timus—divine
389 1829 472 1893 enim
482 1829 579 1893 Plato
595 1852 691 1892 escam
703 1831 849 1893 maloram
859 1829 1058 1915 voluptatem

123 1929 269 2014 appellat,
299 1931 384 2015 qubd
411 1932 448 1996 eia
472 1930 617 1997 videlicet
646 1930 783 1995 homines
813 1930 983 2016 capiantur,
1016 1946 1056 1999 ut

122 2027 215 2096 hamo
240 2032 588 2118 pisces-quamquam
609 2031 818 2097 immoderatis
840 2032 940 2117 epulis
965 2047 1055 2100 caret

123 2143 274 2210 senectus,
301 2135 428 2200 modicis
453 2144 561 2199 tamen
586 2134 735 2200 conviviis
761 2133 907 2198 delectari
935 2145 1052 2219 potest.

123 2231 161 2298 C.
189 2233 356 2311 Duillium,
381 2235 429 2299 M.
452 2234 562 2311 filium,
593 2234 648 2318 qui
673 2233 787 2299 Poenos
813 2234 908 2300 classe
933 2235 1054 2321 primus

122 2335 287 2412 devicerat,
313 2337 496 2402 redeuntem
520 2338 539 2401 ὲ
564 2338 650 2402 οωηΐι
672 2360 776 2403 senem
802 2360 882 2424 saepe
907 2337 1055 2405 videbam

121 2456 217 2519 puer3
234 2436 447 2502 delectabatur
460 2440 567 2504 crebro
582 2438 681 2502 funali
696 2450 727 2504 et
742 2439 878 2517 tibicine,
895 2461 964 2523 quae
979 2440 1053 2520 sibi,

94 2536 209 2602 ·.nullo
235 2538 386 2623 exemplo,
412 2539 551 2624 privatus
574 2550 744 2605 sumserat:
764 2551 889 2605 tantum
917 2541 1055 2608 licentias

121 2639 216 2704 dabat
229 2639 336 2726 gloria.
380 2647 432 2706 45.
458 2640 521 2708 Sed
544 2643 620 2727 quid
643 2664 700 2728 ego
720 2632 816 2708 alios?
838 2642 878 2707 ad
897 2644 1054 2729 meipsum

120 2743 184 2828 jam
200 2753 346 2808 revertar.
380 2742 524 2810 Primdm
537 2745 632 2810 habui
654 2768 773 2831 semper
788 2745 914 2811 sodales.
951 2744 1054 2812 Soda-

121 2844 225 2910 litates
246 2856 360 2923 autem,
382 2869 432 2911 me
458 2859 619 2931 quaestore,
646 2849 822 2913 constitutae
845 2859 929 2926 sunt,
954 2849 1053 2916 sacris

122 2946 213 3012 Idaeis
229 2948 355 3034 Magnas
369 2947 490 3021 ‘Matris
505 2951 647 3035 acceptis.
691 2950 851 3035 Epulabar
865 2951 962 3037 igitur
976 2971 1054 3018 cum

121 3048 277 3113 sodalibus
305 3049 430 3115 omnino
455 3050 583 3128 modice,
614 3051 668 3116 sed
697 3062 762 3117 erat
792 3052 918 3135 quidam
943 3050 1054 3118 fervor

121 3149 238 3213 atatis:
256 3150 319 3232 qua
338 3150 562 3237 progrediente,
583 3152 686 3216 omnia
704 3151 786 3216 fiunt
801 3153 900 3218 indies
913 3152 1050 3220 mitiora.

121 3249 238 3334 Neque
252 3251 334 3316 enim
354 3252 490 3338 ipsorum
509 3255 721 3320 conviviorum
740 3255 974 3320 delectationem
993 3279 1052 3322 vo-

120 3350 292 3437 luptatibus
314 3354 448 3439 corporis
469 3356 577 3440 magis,
600 3358 694 3440 quam
720 3369 802 3422 coetu
824 3359 994 3423 amicorum
1016 3369 1052 3425 et

120 3453 322 3532 sermonibus,
338 3454 496 3520 metiebar.
529 3455 618 3522 Bene
637 3456 719 3522 enim
734 3457 864 3541 majores
878 3458 976 3522 nostri
995 3479 1052 3524 aa·

119 3551 307 3621 cubitionem
329 3555 485 3642 eprdarcm
506 3557 683 3638 amicorum,
709 3559 782 3643 quia
804 3559 876 3625 vitae
899 3559 1051 3644 conjunc-
