2258 3916
471 211 561 274 CAP.
581 210 620 270 X.
642 208 699 269 XI.
1011 212 1048 276 lu

123 398 227 441 senem
255 397 321 440 esse
343 375 476 452 mallem,
493 376 588 460 quam
617 397 683 441 esse
711 395 817 440 senem
846 373 929 450 antd,
952 374 1047 457 qudm

121 500 228 543 essem.
272 477 387 562 ltaque
401 500 492 542 nemo
507 478 607 543 adhuc
622 477 786 545 convenire
806 498 856 541 me
870 475 981 553 voluit,
997 477 1047 542 cui

121 579 234 656 fuerin
249 589 427 666 occupatus.
454 585 505 644 33.
523 579 571 644 At
585 579 688 644 minus
702 579 800 644 habeo
814 578 937 654 virium,
953 579 1079 662 qudm¹t

121 682 259 747 vestrdm
274 681 400 744 utervis.
447 680 497 746 Nc
512 704 566 746 vos
588 680 713 764 quidem
729 680 767 744 Τ.
784 679 892 744 Pontii
910 630 1128 780 centuri-Q

121 783 189 847 onis
203 783 284 848 vires
305 781 445 847 habetis:
468 805 545 846 num
566 782 680 848 idcircd
702 795 750 846 est
765 781 817 846 ille
832 781 1046 866 praestantior?

121 883 296 948 Moderatio
319 883 410 949 modd
427 883 541 949 virium
564 884 654 960 adsit,
677 894 709 949 et
734 893 869 960 tantum,
893 895 1046 966 quantum

120 996 232 1070 potest,
249 986 381 1068 quisque
401 985 538 1062 nitatur3
562 1009 610 1050 nae
624 986 677 1050 ille
692 1009 755 1050 non
769 1007 882 1071 magno
896 985 1046 1051 desiderio

120 1087 279 1152 tenebitur
300 1087 421 1151 virium.
468 1087 622 1174 Olympiae
651 1110 707 1171 per
731 1087 865 1151 stadium
891 1086 1046 1172 ingressus

120 1211 185 1253 esse
212 1188 292 1254 Milo
315 1189 438 1266 dieitur,
459 1212 559 1273 quum
582 1190 718 1254 humeris
743 1189 909 1254 sustineret
933 1191 1046 1254 bovem

119 1291 235 1358 vivum.
282 1291 402 1358 Utrdm
427 1292 525 1378 igitur
548 1292 604 1357 has
629 1292 774 1376 corporis,
790 1313 830 1356 au
856 1292 1046 1377 Pythagorae

118 1393 176 1456 tibi
205 1393 293 1458 malis
321 1395 403 1460 vires
427 1394 545 1481 ingenii
573 1394 663 1459 dari?
706 1393 854 1476 Denique
877 1393 938 1457 isto
963 1396 1045 1458 bono

117 1506 216 1573 utare,
232 1519 331 1581 quum
341 1497 422 1561 adsit
431 1520 440 1574 ;
457 1518 556 1580 quum
566 1495 656 1571 absit,
669 1517 709 1560 ne
720 1496 878 1580 requiras3
895 1495 1044 1563 niciforte
1102 1542 1105 1550 -

117 1597 325 1663 adolescentes
343 1599 517 1683 pueritiam,
533 1598 661 1684 paulum
683 1606 774 1662 aetate
795 1597 950 1682 progressi
972 1597 1045 1662 ado·
1093 1655 1096 1662 .

117 1696 305 1774 lescentiam,
336 1698 468 1777 debeant
496 1697 664 1781 requirere.
718 1694 838 1763 Cursus
867 1708 914 1761 est
942 1708 1045 1762 certus

116 1799 225 1873 aetatis,
251 1809 283 1864 et
308 1821 371 1863 una
392 1799 443 1864 via
472 1810 601 1874 naturae,
624 1819 723 1882 eaque
751 1796 903 1882 simplex3
927 1820 1045 1882 suaque

87 1890 105 1930 s
117 1899 229 1980 cuique
244 1901 326 1984 parti
347 1900 445 1965 aetatis
460 1899 686 1985 tempestivitas
708 1908 756 1962 est
778 1897 869 1962 data:
894 1909 976 1964 utet
996 1899 1044 1963 in·

117 1999 246 2063 firmitas
269 2022 443 2084 puerorum,
460 2011 493 2066 et
514 2000 658 2064 ferocitas
676 1999 839 2083 juvenum,
855 2008 887 2063 et
908 2001 1044 2084 gravitas

113 2085 179 2182 jani
201 2101 370 2166 constantis
391 2101 502 2177 aetatis,
516 2111 549 2165 et
564 2099 739 2165 senectutis
762 2099 936 2176 maturitas,
952 2111 1044 2166 natu·

116 2200 179 2264 rale
191 2200 338 2284 quiddam
346 2201 468 2278 habeat,
480 2202 563 2284 quod
575 2224 630 2266 suo
641 2207 779 2286 tempore
791 2201 908 2285 percipi
923 2201 1042 2267 debeat.

116 2307 167 2367 34.
192 2302 314 2370 Audire
336 2314 370 2370 te
395 2302 537 2380 arbitror,
564 2301 678 2388 Scipio,
693 2302 804 2389 hospes
828 2313 903 2368 tuus
929 2304 1042 2382 avitus,

116 2405 290 2482 Masinissa,
306 2397 380 2490 quae⁴
398 2406 492 2472 faciat
505 2406 606 2483 hodie,
622 2407 791 2492 nonaginta
813 2428 909 2472 annos
931 2418 1041 2484 natus3

115 2530 215 2591 quum
240 2509 397 2592 ingressus
422 2508 483 2574 iter
507 2508 638 2592 pedibus
661 2509 712 2584 sit,
728 2507 761 2572 in
781 2529 897 2592 equum
917 2509 1043 2574 omnino

114 2631 177 2674 non
189 2609 374 2675 adscendere
379 2633 388 2685 ;
405 2631 504 2693 quum
519 2631 610 2693 equo,
621 2631 661 2674 ex
672 2631 753 2693 equo
767 2632 829 2674 non
845 2609 1041 2685 descendere3

114 2711 202 2776 nullo
216 2710 325 2786 imbre,
337 2711 424 2776 nullo
435 2710 551 2796 frigore
565 2709 686 2786 adduci,
696 2722 733 2776 ut
747 2713 848 2796 capite
859 2720 967 2805 operto
982 2710 1040 2786 sit;

114 2834 268 2877 summam
290 2812 323 2875 in
346 2833 382 2877 eo
404 2834 470 2880 esse
492 2813 626 2898 corporis
648 2813 836 2878 siccitatem:
859 2813 966 2899 itaque
988 2833 1042 2878 ex·

114 2913 204 2996 sequi
228 2912 331 2978 omnia
356 2912 441 2998 regis
458 2913 559 2982 officia
580 2923 612 2980 et
633 2934 770 2979 munera
816 2906 928 2978 Potest
943 2900 1050 3000 igitur

115 3014 296 3079 exercitatio
311 3024 343 3079 et
357 2995 562 3099 temperentia
580 3016 675 3083 etiam
689 3015 723 3082 in
738 3027 898 3082 senectute
920 3009 1047 3083 consor-²

117 3121 187 3180 va're
202 3115 322 3201 aliquid
334 3115 458 3201 pristini
472 3116 599 3183 roboris.

159 3315 224 3382 XI.
249 3317 323 3383 Non
337 3328 411 3384 sunt
425 3317 459 3382 in
473 3285 632 3388 senectute
647 3320 737 3390 vires.
778 3321 829 3387 Ne
843 3322 1042 3408 postulantur

115 3419 242 3503 quidem
256 3421 337 3485 vires
359 3421 378 3485 a
399 3431 567 3488 senectute.
612 3422 699 3508 Ergo
722 3434 753 3489 et
767 3424 888 3510 legibus
906 3435 938 3491 et
952 3425 1041 3491 insti-

114 3522 192 3588 tutis
208 3535 297 3588 vacat
318 3519 391 3588 aetas
412 3534 519 3589 nostra
539 3525 719 3592 muneribus
740 3526 788 3604 iis,
804 3549 873 3612 quae
893 3549 957 3592 non
971 3550 1040 3612 pos·
