2258 3916
90 247 134 306 26
419 244 531 306 CATO
550 245 701 305 MAJOR.

96 409 184 475 nulla
204 410 323 475 beatior
345 431 411 474 esse
429 410 545 496 possit3
567 432 670 494 neque
692 410 791 476 solum
812 408 922 502 officio,
939 412 1032 495 qubd

96 508 258 574 hominum
278 509 384 595 generi
406 510 552 575 universo
573 511 697 575 cultura
718 532 862 596 agrorum
870 519 927 575 ¹est
941 513 1033 576 salu-

96 609 183 683 taris,
209 609 261 672 sed
288 617 320 672 et
345 607 560 684 delectatione,
580 631 677 692 quam
699 609 774 687 dixi,
797 620 829 675 et
857 610 1031 678 saturitate

96 708 246 794 copibque
263 708 402 773 omnium
423 731 537 785 rerum,
560 731 629 793 quae
650 711 689 774 ad
710 710 829 775 victum
850 710 1030 788 hominum,

96 809 135 871 ad
161 808 282 873 cultum
303 809 397 873 etiam
417 809 569 886 Deorum,
595 810 774 895 pertinent3
802 821 848 887 ut,
871 813 1028 894 quoniam

97 905 161 971 haec
176 906 303 990 quidam
316 907 500 982 desiderant,
512 908 544 969 in
556 908 688 992 gratiam
698 909 765 991 jam
775 930 846 972 cum
858 909 1028 994 voluptate

95 1008 266 1073 redeamus.
323 1007 453 1093 Semper
481 1008 563 1072 enim
593 1008 668 1073 boni
695 1007 873 1093 assiduique
901 1008 1025 1076 domini

95 1106 212 1173 referta
224 1107 302 1172 cella
315 1107 444 1183 vinaria,
459 1106 582 1183 olearia,
598 1107 693 1172 etiam
706 1107 832 1192 penaria
854 1117 913 1184 est,
927 1109 1025 1175 villa-

96 1228 158 1291 que
178 1215 247 1271 tota
265 1205 402 1292 locuples
427 1215 492 1282 est3
515 1204 654 1270 abundat
676 1228 779 1291 porco,
801 1205 899 1282 haedo,
926 1229 1024 1293 agno,

95 1306 222 1392 gallint,
260 1305 349 1381 lacte,
386 1327 485 1381 caseo,
521 1305 623 1371 melle.
689 1305 765 1371 Jam
800 1306 926 1371 hortum
960 1309 1025 1394 ipsi

95 1406 238 1492 agricolae
263 1404 431 1470 succidiam
457 1405 586 1469 alteram
611 1405 778 1490 appellant.
835 1406 1025 1474 Conditiora

96 1504 173 1568 facit
187 1503 253 1568 haec
268 1503 489 1588 supervacanei
503 1503 599 1569 etiam
618 1505 718 1589 operis
737 1506 904 1590 aucupium
922 1499 1024 1592 atque

96 1601 229 1666 venatio.
289 1605 340 1666 57.
379 1600 467 1682 Quid
504 1600 543 1666 de
576 1613 735 1686 pratorum
763 1604 930 1680 viriditate,
962 1621 1023 1673 aut

96 1704 241 1766 arborum
277 1699 445 1776 ordinibus,
482 1711 538 1765 aut
573 1701 734 1766 vinearum
769 1703 1023 1790 olivetorumque

96 1800 197 1887 specie
212 1799 336 1864 dicam?
367 1798 466 1864 Brevi
480 1799 651 1884 praeoidam.
679 1801 769 1888 Agru
783 1801 864 1868 bene
877 1803 965 1870 culto
976 1808 1024 1871 nil

95 1910 278 1986 potestesse
293 1920 425 1964 necusn
438 1899 574 1975 uberius,
595 1922 653 1966 nec
673 1901 774 1986 specie
795 1901 954 1979 ornatius3
980 1907 1022 1970 ad

95 2024 191 2088 quem
202 2001 368 2067 fruendum
382 2023 447 2065 non
458 2000 551 2066 modb
562 2023 626 2065 uon
636 2001 783 2078 retardat,
799 2003 909 2068 verum
923 2004 1023 2070 etiam

95 2103 210 2170 invitat
238 2113 333 2187 atque
358 2101 484 2166 allectat
510 2111 661 2166 senectus.
707 2100 775 2168 Ubi
802 2102 886 2166 enim
914 2115 1025 2186 potest

95 2204 149 2269 illa
163 2214 235 2269 aetas
249 2213 304 2268 aut
319 2202 467 2278 calescere
482 2201 532 2267 vel
546 2201 735 2286 apricatione
745 2201 866 2278 melius,
878 2203 930 2267 vel
941 2204 1023 2290 igni,

96 2316 151 2369 aut
174 2305 307 2371 vicissim
331 2302 450 2367 umbris
475 2302 604 2386 aquisve
623 2293 811 2388 ¹refrigerari
839 2303 1025 2372 salubrius?

97 2410 149 2468 58.
176 2403 243 2470 Sibi
257 2403 354 2488 igitur
374 2401 508 2469 habeant
523 2424 617 2478 arma,
633 2403 692 2467 sibi
706 2424 814 2486 equos,
828 2402 887 2467 sibi
902 2403 1024 2485 hastas,

96 2503 156 2568 sibi
166 2502 294 2578 clavam,
306 2501 365 2566 sibi
375 2500 479 2585 pilam,
492 2501 551 2567 sibi
561 2501 735 2566 natationes
745 2510 778 2566 et
788 2523 911 2578 cursus3
928 2507 1025 2572 nobis

96 2599 221 2666 senibus
249 2622 288 2664 ex
315 2598 487 2664 lusionibus
516 2599 622 2664 multis
656 2599 736 2664 talos
771 2598 951 2682 relinquant
990 2619 1026 2671 et

96 2710 247 2778 tesseras:
270 2699 303 2764 id
322 2700 424 2785 ipsum
446 2709 551 2765 tamen
565 2713 603 2764 ut
617 2700 759 2777 lubebit3
781 2700 930 2784 quoniam
952 2704 1026 2772 sind

96 2801 144 2867 his
158 2803 249 2867 beata
263 2822 329 2868 esse
344 2811 486 2865 senectus
500 2808 612 2886 potest.

139 3000 258 3067 XVII.
281 3005 332 3067 59.
352 2999 473 3064 Multas
498 2999 607 3064 adres
628 3000 775 3085 perutiles
795 2999 1024 3090 Xenophontis

95 3101 169 3166 libri
193 3110 283 3166 sunt:
311 3123 389 3184 quos
413 3101 517 3187 legite,
541 3122 655 3184 quaeso,
676 3102 821 3178 studiose,
841 3112 880 3167 ut
904 3103 1023 3173 facitis.

97 3200 203 3284 Quam
231 3200 351 3286 copiosd
384 3204 423 3266 ab
457 3222 495 3264 eo
526 3200 715 3286 agricultura
746 3201 891 3267 laudatur
917 3202 952 3267 in
984 3229 1050 3287 eo⁸

94 3302 184 3376 libro,
202 3299 258 3384 qui
271 3309 319 3365 est
332 3299 372 3364 de
386 3299 502 3364 tuenda
515 3322 550 3364 re
564 3300 717 3376 familiari,
734 3302 789 3384 qui
808 3304 1025 3372 OEcoaomicus

94 3399 290 3466 inscribiturl
324 3398 443 3483 Atque,
460 3409 497 3464 ut
508 3399 688 3485 intelligatis
702 3401 780 3464 nihil
791 3402 819 3466 ei
834 3412 899 3466 tam
912 3407 1025 3490 regale

95 3500 202 3579 videri,
229 3500 323 3586 quim
348 3499 485 3566 studium
508 3500 575 3586 agri
600 3499 729 3579 colendi,
752 3500 893 3568 Socrates
917 3502 952 3567 in
983 3530 1025 3574 eo
