2258 3916
97 226 134 282 58
485 221 658 282 LAELIUS.

97 387 204 453 alienis
229 388 321 452 nimis
344 385 494 472 implicari
519 386 684 452 molestum
706 409 789 463 esse3
814 391 1032 457 commodissi-

97 511 183 552 mum
197 511 272 565 esse,
289 489 384 572 quiam
397 486 569 552 laxissimas
583 487 719 552 habenas
733 487 846 553 habere
868 491 1029 570 amicitiae,

97 608 174 669 quas
196 587 246 653 vel
268 587 412 662 adducas,
439 607 538 671 quum
559 586 646 662 velis,
669 585 720 651 vel
744 586 904 651 remittas:
928 603 1031 674 caput
1072 582 1077 590 ’

96 685 179 749 enim
199 707 265 751 esse
287 685 325 750 ad
347 685 438 750 beate
459 684 627 750 vivendum
649 683 857 762 securitatem,
872 687 936 768 quai
961 689 1030 754 frui

96 806 158 847 non
185 784 282 870 possit
301 784 432 860 animus,
454 783 480 847 si
503 793 663 865 tamquam
685 783 838 868 parturiat
860 807 942 849 unus
969 810 1029 871 pro

96 885 245 968 pluribus.
290 888 343 948 46.
361 883 451 948 Alios
466 895 571 949 autem
588 884 690 949 dicere
711 884 800 948 aiunt
814 884 914 949 multb
929 887 1028 951 etiam

96 983 442 1066 inhumanius—quem
464 983 567 1048 locum
587 984 723 1048 breviter
741 985 910 1068 perstrinxi
930 989 1028 1071 paulb

97 1084 363 1170 ante-praesidii
393 1083 627 1168 adjumentique
656 1084 757 1160 causat,
792 1107 854 1150 non
889 1085 1028 1152 benevo-

90 1186 198 1252 lentiae
227 1208 330 1269 neque
360 1185 507 1261 caritatis,
538 1184 690 1249 amicitias
728 1207 794 1250 esse
823 1187 1026 1270 expetendas.

96 1285 209 1370 Itaque
229 1296 266 1351 ut
286 1286 420 1369 quisque
442 1285 605 1349 minimum
620 1282 776 1349 firmitatis
797 1284 910 1350 habeat
932 1287 1028 1351 mini·

96 1409 244 1471 mumque
266 1387 390 1462 virium,
411 1387 456 1451 ita
475 1385 623 1450 amicitias
645 1397 791 1470 appetere
805 1387 957 1464 maxime3
986 1411 1029 1452 ex

97 1509 133 1551 eo
158 1488 224 1551 fieri
250 1497 286 1551 ut
312 1486 500 1551 mulierculae
525 1485 623 1570 magis
648 1486 853 1550 amicitiarum
884 1487 1029 1571 praesidia

97 1596 248 1667 quaerant,
272 1587 365 1668 quam
392 1586 467 1661 viri3
495 1596 527 1650 et
548 1586 664 1669 inopes,
692 1586 787 1668 quam
809 1585 968 1672 opulenti3
995 1600 1028 1654 et

97 1684 276 1760 calamitosi,
294 1686 387 1768 quam
401 1684 493 1749 beati.
516 1688 567 1750 47.
587 1684 617 1752 O
632 1684 808 1770 praeclaram
823 1684 1028 1770 sapientiam!

100 1783 203 1850 Solem
219 1782 301 1847 enim
316 1783 334 1847 ὲ
349 1783 465 1848 mundo
482 1783 590 1849 tollere
610 1784 765 1861 videntur,
782 1783 837 1868 qui
858 1783 1029 1850 amicitiam

98 1884 196 1949 evita
209 1883 326 1949 tollunt
335 1907 344 1959 ;
367 1885 429 1968 quai
443 1883 522 1947 nihil
541 1885 560 1948 ai
575 1884 644 1948 Diis
666 1883 891 1949 immortalibus
912 1885 1029 1952 melius

97 1985 256 2062 babemus,
273 1985 351 2049 nihil
369 1985 547 2070 jucundius.
594 1985 674 2067 Quae
693 1995 741 2051 est
755 1985 839 2051 enim
853 1986 912 2050 ista
936 2009 1029 2052 secu·

97 2089 195 2152 ritas?
222 2086 324 2174 specie
346 2087 472 2170 quidem
492 2087 614 2164 blanda,
630 2087 683 2153 sed
700 2110 807 2173 reapse
821 2087 928 2152 multis
950 2089 1029 2155 locis

97 2190 296 2275 repudianda.
355 2189 469 2272 Neque
489 2189 573 2255 enim
594 2202 642 2255 est
663 2200 903 2255 consentaneum
928 2189 1029 2256 ullam

98 2289 259 2353 honestam
281 2310 347 2352 rem
366 2288 568 2365 actionemve,
584 2311 624 2352 ne
646 2287 795 2353 sollicitus
817 2288 867 2365 sis,
884 2300 939 2355 aut
962 2312 1030 2357 non

99 2388 263 2472 suscipere,
289 2396 345 2450 aut
368 2398 541 2473 susceptam
563 2386 725 2472 deponere
772 2387 893 2469 Quodsi
917 2409 1030 2456 curam

99 2489 247 2574 fugimus,
272 2487 371 2552 virtus
394 2487 542 2574 fugienda
565 2499 622 2565 est,
645 2510 715 2572 quae
734 2511 856 2562 necesse
882 2499 930 2553 est
954 2512 1030 2554 cum

100 2591 206 2673 aliquia
241 2590 315 2655 cura
348 2612 397 2655 res
433 2589 491 2655 sibi
520 2589 688 2655 contrarias
720 2602 901 2675 aspernetur
929 2601 1031 2674 atque

100 2690 219 2765 oderit3
240 2699 277 2755 ut
298 2690 420 2754 bonitas
443 2690 602 2766 malitiam,
628 2691 833 2776 temperantia
854 2690 1029 2772 libidinem,

100 2791 257 2877 ignaviam
285 2789 445 2854 fortitudo.
505 2788 619 2872 Itaque
647 2790 753 2856 videas
780 2792 873 2855 rebus
901 2790 1031 2875 injustis

97 2891 200 2974 justos
221 2887 354 2953 maxime
377 2887 491 2965 dolere,
513 2887 718 2954 imbecillibus
739 2887 843 2964 fortes,
867 2887 1031 2974 flagitiosis

101 2991 266 3055 modestos.
311 2988 399 3076 Ergb
421 2990 480 3054 hoc
501 2989 660 3075 proprium
680 2999 728 3056 est
741 2988 836 3052 animi
857 2987 935 3053 bene
954 3010 1031 3055 con-

103 3091 217 3170 stituti,
244 3102 277 3157 et
301 3091 399 3156 laetari
423 3090 512 3156 bonis
534 3093 626 3156 rebus
652 3103 685 3156 ct
714 3090 817 3155 dolere
856 3091 1029 3156 contrariis.

98 3199 154 3258 48.
173 3193 385 3276 Quamobrem
403 3192 429 3258 si
443 3194 526 3259 cadit
545 3194 578 3258 in
600 3193 768 3278 sapientem
783 3192 879 3257 animi
892 3192 1032 3259 dolor-
1080 3199 1081 3202 ’

104 3295 159 3379 qui
182 3293 321 3380 prolecto
347 3293 438 3371 eadit,
464 3295 525 3359 nisi
549 3317 589 3360 ex
615 3295 681 3380 ejus
701 3295 804 3359 animo
827 3294 1033 3380 exstirpatam

103 3394 330 3461 humanitatem
352 3395 538 3461 arbitramur
551 3417 667 3479 -quae
689 3417 781 3460 causa
799 3405 857 3472 est,
875 3417 932 3461 eur
953 3397 1034 3461 ami·

103 3493 210 3562 citiam
231 3495 375 3563 funditus
395 3495 539 3562 tollamus
561 3497 579 3563 ὲ
600 3496 675 3573 vita,
698 3518 737 3561 ne
763 3495 882 3581 aliquas
902 3508 1033 3584 propter
