2264 3914
461 218 551 279 cnP.
570 219 672 278 XVII.
981 213 1020 280 27

99 382 178 449 libro
206 380 346 468 loquitur
378 405 450 448 oum
484 382 664 449 Critobulo:
704 381 825 468 Cyrum
859 381 1019 458 minorem,

97 507 204 570 regem
227 483 404 561 Persarum,
419 492 616 569 praestantem
637 484 762 570 ingenio
784 493 879 566 atque
900 482 1020 568 imperii

97 585 205 671 glomi,
229 607 328 670 quum
349 584 514 670 Lysander
538 584 800 661 Lacedaemonius,
822 584 870 647 vir
895 605 1020 648 summae

99 685 233 761 virtutis,
249 685 384 749 venisset
405 684 534 748 adeum
559 682 673 762 Sardis,
689 684 779 769 eique
800 683 912 748 donas
932 682 1021 746 sociis

98 784 263 860 attulisset,
287 793 318 847 et
344 782 454 847 ceteris
475 782 509 845 in
531 782 624 847 rebus
649 804 841 847 communem
860 805 932 868 erga
953 782 1021 867 Ly-

98 884 245 948 sandrum
266 896 363 966 atque
377 875 546 946 humanum
565 882 670 960 fuisse,
685 894 718 948 et
735 885 764 948 ei
780 883 934 967 quendam
949 904 1020 947 con·

98 994 222 1068 septum
237 1003 346 1066 agrum
360 981 524 1067 diligenter
538 980 691 1046 consitum
703 983 878 1047 ostendisse.
914 980 1020 1062 Quum

98 1091 204 1145 autem
217 1080 420 1144 admiraretur
435 1079 599 1165 Lysander
608 1090 642 1144 et
655 1081 853 1165 proceritates
867 1082 1019 1154 arborum,

98 1190 131 1244 et
146 1170 278 1260 directos
298 1180 331 1244 in
354 1181 559 1264 quincuncem
573 1180 705 1258 ordines,
721 1191 753 1246 et
763 1181 899 1247 'humum
914 1183 1021 1244 subac-

98 1288 163 1343 tam
184 1288 280 1362 atque
301 1301 420 1364 puram,
442 1289 474 1343 et
496 1279 680 1344 suavitatem
702 1279 839 1356 odorum,
861 1279 916 1363 qui
937 1277 1021 1341 affla-

98 1388 207 1443 rentur
228 1380 246 1444 ὲ
267 1379 411 1455 floribus3
436 1389 502 1443 tum
521 1378 644 1456 dixisse,
666 1379 771 1444 mirari
793 1401 909 1444 senon
931 1378 1021 1441 modo

99 1480 292 1565 diligentiam
316 1479 481 1544 sedetiam
506 1479 672 1544 sollertiam
693 1479 770 1564 ejus,
790 1481 810 1544 a
835 1500 898 1563 quc
919 1487 1022 1543 essent

98 1579 153 1644 illa
166 1580 303 1644 dimensa
313 1589 408 1664 atque
418 1580 586 1665 descripta;
604 1580 675 1645 etei
691 1579 812 1667 Cyrum
822 1579 1020 1665 respondisse,

100 1683 198 1766 Atqui
218 1666 270 1766 epo
284 1686 384 1744 omnia
399 1685 458 1744 ista
472 1704 537 1744 aum
552 1683 700 1744 dimensus
708 1705 720 1756 ,·
741 1685 882 1744 meinent
896 1682 1020 1752 ordiner,
1118 1747 1122 1752 ,

101 1803 166 1842 mea
192 1781 371 1864 descriptio,
396 1781 496 1842 multra
520 1783 610 1842 etiam
634 1783 762 1842 istarum
791 1781 932 1842 ardorum
957 1778 1021 1839 med

101 1902 194 1942 manu
216 1889 288 1943 sunt
305 1891 388 1942 antee.
434 1878 517 1944 Tum
532 1878 740 1964 Lysandrum,
760 1878 934 1944 intuentem
958 1879 1023 1959 ejus

102 2000 272 2063 purpuram
288 1988 321 2042 ct
334 1980 466 2042 nitorem
492 1979 625 2063 corporis
639 1989 845 2062 ornatumque
863 1977 1023 2042 Persicum

102 2076 203 2140 multo
218 2098 293 2140 auro
307 2076 475 2158 multisque
497 2077 636 2162 gemmis,
651 2077 775 2153 dixisse,
796 2077 885 2140 Raeti
904 2075 971 2138 verri
987 2087 1022 2149 te,

108 2179 197 2262 Cyre,
228 2179 344 2240 matam
364 2179 485 2260 serunt,
515 2181 655 2262 quoniam
676 2182 787 2242 virtuti
814 2189 873 2241 tare
892 2179 1024 2260 fortuna

103 2279 262 2360 conjuncta
274 2269 359 2368 est}
370 2279 420 2338 60.
445 2275 516 2340 Hac
529 2276 626 2361 igitur
639 2275 766 2341 fortunia
779 2275 841 2341 frui
856 2275 928 2340 licet
945 2275 1025 2340 senia

102 2377 180 2442 busa
196 2396 254 2440 nec
268 2384 341 2439 aetas
354 2373 483 2460 impedit
498 2375 561 2459 qud
570 2375 673 2440 minus
684 2387 715 2442 et
729 2387 900 2443 ceterarum
912 2398 1023 2450 rerum,

103 2485 137 2540 et
160 2473 315 2558 inprimis
334 2473 401 2558 agri
423 2473 552 2551 colendi,
568 2475 670 2540 studia
684 2484 846 2549 teneamus
867 2497 966 2558 usque
987 2475 1025 2537 ad

103 2575 250 2641 ultimum
279 2581 402 2659 tempus
424 2576 600 2641 senectutis
645 2575 692 2641 M.
714 2576 840 2661 quidem
865 2575 1026 2640 Valerium

105 2675 246 2744 Corvum
260 2675 433 2759 accepimus
448 2674 487 2737 ad
498 2675 699 2739 centesimum
710 2697 826 2740 annum
837 2674 1026 2760 perduxisse,

106 2798 204 2860 quum
226 2783 307 2840 esset
328 2775 397 2838 actia
414 2775 479 2859 jam
499 2784 590 2839 aetate
611 2775 645 2838 in
663 2775 755 2862 agris,
777 2797 889 2858 eosque
903 2773 1026 2838 coleret.

108 2874 209 2960 Cujus
231 2874 315 2939 inter
336 2873 471 2958 primum
496 2884 528 2938 et
550 2883 675 2939 sextum
703 2873 898 2939 consulatum
921 2895 975 2936 sex
997 2883 1028 2934 et

108 2976 313 3063 quadraginta
328 2975 401 3040 anni
415 2974 632 3041 interfuerunt.
670 2975 723 3042 Ita
734 2985 884 3060 quantum
896 2974 1029 3060 spatium

108 3075 207 3140 aetatis
227 3077 357 3161 majores
379 3074 478 3139 nostri
497 3075 535 3139 ad
556 3076 723 3141 senectutis
742 3074 866 3140 initium
886 3096 951 3138 esse
975 3094 1030 3136 vo·

109 3177 244 3251 luerunt,
260 3187 366 3241 tantus
381 3177 427 3239 illi
442 3199 550 3241 cursus
567 3177 719 3242 honorum
733 3175 802 3241 fuit.
841 3174 951 3259 Atque
966 3173 1032 3256 ejus

109 3285 248 3340 extrema
264 3285 338 3340 aetas
353 3276 413 3340 heic
434 3276 565 3353 beatior,
579 3277 673 3359 quam
694 3276 804 3352 media,
820 3274 903 3359 quid
925 3280 1033 3336 aucto-

107 3375 210 3440 ritatis
225 3374 294 3460 plus
308 3375 452 3452 habebat,
467 3376 581 3441 laboris
595 3377 668 3442 veri>
686 3377 796 3441 minus.
821 3375 915 3459 Apex
929 3381 1034 3437 autem

110 3474 280 3542 senectutis
308 3485 357 3541 est
381 3475 557 3542 auctoritas.
611 3481 662 3542 61.
688 3476 817 3558 Quanta
844 3474 911 3539 luit
930 3475 975 3535 in
993 3473 1048 3529 Μ.

540 3589 556 3626 o
573 3580 589 3626 a
