2258 3916
110 216 147 270 52
500 213 674 275 LAELIUS.

108 376 229 442 minum
257 386 451 455 moveantur,
483 401 582 462 quum
612 402 728 456 eorum,
766 379 954 464 quibuscum
986 405 1052 450 usu

108 478 267 561 conjuncti
290 500 357 543 esse
381 479 511 563 possint,
536 480 686 544 virtutem
710 489 742 543 et
774 481 947 545 bonitatem
974 505 1052 568 per-

107 576 225 661 spicere
242 577 430 642 videantur?
476 577 677 662 Quamquam
693 579 895 645 confirmatur
909 605 1000 647 amor
1014 595 1051 649 et

107 677 258 742 beneficio
273 687 400 762 accepto
416 687 448 742 et
463 679 567 742 studio
589 689 752 763 perspecto
767 690 799 744 et
819 674 1056 748 consuetudine

106 777 272 861 adjunctd3
304 777 420 861 quibus
449 780 543 842 rebus
569 779 609 841 ad
638 779 726 841 illum
756 779 892 862 primum
921 799 1049 846 motum

106 876 202 940 animi
216 889 248 940 et
270 877 383 940 amoris
403 877 560 952 adhibitis,
583 876 772 940 admirabilis
791 879 933 962 quadam
953 903 1049 946 exar-

105 976 204 1041 descit
225 976 450 1041 benevolentiae
469 977 661 1061 magnitudo.
709 976 814 1059 Quam
829 980 911 1062 siqui
926 992 1050 1065 putant·

104 1076 144 1141 ab
167 1076 381 1142 imbecillitate
402 1076 564 1161 proficisci,
581 1086 617 1141 ut
639 1078 689 1152 sit,
712 1101 768 1162 per
790 1099 884 1161 quem
907 1082 1046 1166 quisque

105 1187 298 1262 assequatur,
316 1177 400 1261 quod
416 1177 579 1254 desideret,
595 1177 744 1241 humilem
759 1179 833 1243 sane
854 1180 1046 1266 relinquunt

103 1289 135 1342 et
150 1279 278 1342 minime
299 1299 495 1362 generosum,
512 1287 549 1341 ut
570 1278 616 1341 ita
634 1279 743 1354 dicam,
759 1290 864 1344 ortum
883 1282 1042 1360 amicitia,

104 1403 199 1463 quam
236 1401 275 1442 ex
305 1378 409 1463 incpid
438 1387 533 1461 atque
566 1379 739 1464 indigentia
775 1393 882 1444 natam
914 1383 1042 1448 volunt.

105 1478 200 1560 Quod
224 1479 250 1542 si
272 1478 318 1542 ita
341 1486 432 1553 esset,
455 1487 493 1540 ut
516 1477 649 1561 quisque
671 1478 834 1542 minimum
855 1479 889 1542 in
913 1501 945 1544 se
972 1504 1044 1548 esse

103 1578 316 1654 arbitraretur,
333 1578 377 1642 ita
392 1577 430 1641 ad
446 1577 614 1641 amicitiam
624 1587 705 1642 esset
719 1578 904 1663 aptissimus.
939 1581 1042 1662 Quod

102 1678 195 1765 longd
210 1701 297 1744 secus
312 1687 368 1742 est.
414 1683 465 1740 30.
483 1676 533 1741 Ut
547 1676 630 1741 enim
645 1677 777 1761 quisque
792 1678 850 1742 sibi
864 1679 1041 1764 plurimum

102 1777 240 1852 confidit,
263 1786 294 1841 et
316 1787 353 1840 ut
376 1776 509 1860 quisque
532 1775 666 1839 maxime
688 1775 805 1840 virtute
826 1785 859 1840 et
882 1778 1042 1863 sapientid

100 1878 145 1942 sic
167 1877 308 1941 munitus
330 1886 386 1952 est,
406 1884 444 1940 ut
464 1874 551 1938 nullo
571 1885 662 1959 egeat
681 1897 799 1959 suaque
821 1877 925 1941 omnia
945 1878 983 1942 in
1005 1903 1040 1944 se

99 1980 168 2064 ipso
190 1979 291 2064 posita
309 1977 440 2062 judicet,
456 1977 502 2040 ita
520 1975 554 2038 in
569 1976 713 2040 amicitiis
733 1977 913 2061 expetendis
928 1980 1039 2044 colen-

100 2080 210 2164 disque
225 2078 359 2143 maximd
373 2077 508 2142 excellit.
556 2075 641 2157 Quid
657 2077 762 2140 enim?
800 2076 972 2144 Africanus
988 2083 1039 2145 in·

99 2181 209 2266 digens
237 2179 322 2243 mei?
377 2177 511 2241 Minime
536 2176 656 2251 hercle3
688 2199 723 2241 ac
752 2199 791 2242 ne
817 2199 875 2262 ego
904 2181 1039 2261 quidem

98 2280 202 2343 illius:
226 2279 278 2342 sed
295 2299 353 2362 ego
373 2277 575 2340 admiratione
591 2277 725 2358 quddam
739 2277 865 2342 virtutis
884 2279 963 2362 ejus,
981 2281 1037 2346 ille

98 2378 234 2441 vicissim
260 2377 404 2459 opinione
427 2374 556 2439 fortasse
580 2374 741 2449 nonnulla,
769 2397 862 2457 quam
888 2377 927 2442 de
955 2381 1037 2444 meis

98 2477 238 2540 moribus
258 2475 403 2551 habebat,
419 2497 469 2538 me
490 2474 610 2538 dilexit
657 2472 761 2537 Auxit
780 2475 1037 2543 benevolentiam

99 2578 298 2643 consuetudo.
347 2575 409 2642 Sed
446 2598 635 2659 quamquam
667 2574 820 2638 utilitates
851 2576 963 2641 multae
1000 2591 1036 2644 et

97 2703 219 2766 magnae
241 2690 413 2744 consecutae
438 2685 521 2751 sunt,
546 2699 608 2741 non
631 2688 704 2740 sunt
727 2687 832 2740 tamen
857 2679 896 2741 ab
921 2699 1036 2744 earum

98 2802 152 2864 spe
167 2803 266 2844 causae
286 2778 432 2863 diligendi
454 2777 607 2862 profectae
655 2782 705 2839 31.
730 2776 780 2841 Ut
799 2777 881 2840 enim
897 2778 1036 2845 benefici

97 2881 302 2963 liberalesque
324 2903 441 2955 sumus,
466 2900 528 2941 non
552 2888 588 2941 ut
610 2877 770 2962 exigamus
787 2877 1036 2962 gratiam—ne·

97 3001 160 3061 que
176 2980 256 3041 enim
272 2978 456 3044 beneficium
471 2976 668 3051 foeneramur,
685 2976 739 3040 sed
756 2976 869 3040 natura
882 2980 1035 3061 propensi

96 3078 136 3141 ad
172 3078 389 3142 liberalitatem
420 3076 635 3141 sumus—sio
671 3075 846 3151 amicitiam,
880 3097 946 3139 non
977 3100 1035 3163 spe

95 3178 245 3244 mercedis
274 3178 410 3254 adducti,
439 3177 493 3242 sed
517 3176 602 3262 quod
630 3175 729 3240 omnis
755 3177 821 3260 ejus
846 3176 974 3241 fructus
999 3179 1034 3241 in

94 3280 162 3366 ipso
180 3303 283 3344 amore
304 3279 395 3350 inest,
420 3278 626 3363 expetendam
645 3285 799 3360 putamus.
825 3281 898 3339 ·32.
923 3274 977 3343 At
999 3278 1033 3355 ii,

96 3381 151 3464 qui
181 3380 335 3464 pecudum
365 3379 429 3443 ritu
459 3379 498 3441 ad
527 3378 718 3462 voluptatem
748 3375 851 3439 omnia
874 3374 1033 3455 referunt,

94 3478 187 3566 longe
199 3480 397 3545 dissentiunt.
449 3479 482 3542 N
484 3500 518 3542 ec
538 3478 661 3542 mirum.
708 3475 797 3538 Nihil
817 3474 901 3539 enim
916 3475 1034 3553 altum,

1 3651 2 3659 ἵ
94 3580 172 3644 nihil
195 3581 395 3670 magnificum
413 3602 450 3645 ac
464 3579 614 3654 divinum,
635 3577 788 3662 suspicere
807 3587 951 3661 possunt,
976 3579 1035 3663 qui
