2258 3916
137 248 156 303 6
468 243 579 303 CATO
600 244 752 305 MAJOR.

140 412 188 471 11.
222 407 394 471 Tarentum
432 408 506 473 verri
535 409 598 491 qud
626 409 797 494 vigilantia,
835 431 898 493 quo
936 411 1073 479 consilio

137 506 272 592 recepiti
318 506 426 588 Quum
452 508 587 591 quidem,
615 531 664 573 me
693 509 850 584 audiente,
884 506 1072 584 Salinatori,

137 609 193 694 qui
215 608 327 673 amisso
348 608 461 692 oppido
483 609 608 694 fugerat
624 610 782 685 11111111,
798 607 947 696 glorianti
967 621 1074 695 atque

138 712 183 776 ita
198 710 324 786 dicenti,
340 711 416 773 Meet
431 712 530 794 cperd,
554 713 591 790 Q.
608 714 698 789 Fabi,
722 715 890 777 Tarentum
904 718 1048 799 recepisti
1056 739 1070 780 .·

128 812 238 906 ⁴Certe,
253 810 358 894 inquit
373 811 496 886 ridens3
513 835 594 889 num,
611 817 671 876 nisi
685 825 717 875 11
733 817 891 890 amisisses,
908 838 1078 900 nunquam·

137 919 320 998 recepissem.
367 912 435 977 Nec
449 913 523 978 verd
538 913 571 976 in
585 915 679 978 armis
693 917 898 999 praestantior,
920 918 1016 1000 quam
1032 917 1072 981 in

137 1017 227 1101 toga:
251 1013 307 1098 qui
329 1014 438 1079 consul
458 1015 583 1092 iterdm,
609 1015 663 1100 Sp.
682 1015 821 1082 Carvilio
846 1017 967 1104 collega
993 1019 1072 1102 qui-

137 1127 270 1193 escente,
296 1113 332 1182 C.
353 1115 510 1180 Flaminio
533 1117 660 1181 tribuno
683 1117 793 1202 plebis,
820 1118 923 1200 quoad
948 1119 1071 1202 potuit,

136 1217 260 1295 restitit,
282 1240 391 1302 agrum
412 1217 564 1282 Picenum
586 1229 617 1283 et
639 1217 795 1285 Gallicum
816 1219 934 1284 viritim
955 1230 1072 1287 contra
1115 1227 1117 1230 ⁴

136 1321 262 1385 senattis
273 1321 491 1386 auctoritatem
502 1321 668 1397 dividenti3
685 1343 847 1406 augurque
860 1344 957 1405 quum
969 1334 1070 1400 esset,

136 1424 238 1488 dicere
260 1445 354 1486 ausus
374 1433 431 1498 est,
450 1423 576 1507 optimis
597 1423 741 1507 auspiciis
762 1445 799 1488 ea
819 1426 897 1508 geri,
921 1447 992 1507 quae
1008 1449 1071 1510 pro

136 1524 315 1607 reipublicae
336 1525 438 1590 salute
465 1533 667 1609 gererentur3
692 1546 762 1607 quae
783 1536 892 1590 contra
914 1530 1071 1612 rempub·

136 1623 226 1688 licam
241 1624 408 1700 ferrentur,
424 1638 532 1688 contra
546 1624 683 1709 auspicia
696 1624 780 1689 ferri.

23 1786 35 1811 Γ
75 1787 85 1810 ,
183 1732 231 1791 12.
256 1725 363 1790 Multa
376 1727 407 1789 in
424 1748 461 1790 eo
476 1726 543 1791 viro
562 1726 709 1810 praeclara
730 1727 881 1812 cognovi3
906 1727 960 1791 sed
981 1726 1070 1795 nihil

25 1804 83 1925 Aps
135 1838 183 1894 est
205 1827 425 1904 admirabilius,
449 1830 543 1912 quam
565 1828 720 1911 quomodd
745 1827 827 1915 [1111]
850 1839 982 1893 mortem
1005 1831 1070 1896 filii

56 1930 61 1961 ‘·
135 1930 219 2008 tulit,
251 1930 326 1996 olari
355 1930 415 1995 viri
444 1942 477 1995 et
513 1930 691 1995 consularis.
751 1930 812 1994 Est
848 1931 881 1993 in
917 1930 1069 1998 manibus

70 2031 79 2056 ⁸
135 2035 291 2099 laudatio:
316 2055 411 2117 quam
433 2053 531 2115 quum
554 2031 697 2117 legimus,
724 2052 819 2114 quem
844 2031 1069 2117 philosophum

23 2072 81 2251 iii
134 2160 197 2200 non
227 2134 479 2201 contemnimus?
524 2133 593 2198 Nec
622 2133 695 2198 vero
724 2132 777 2198 ille
806 2133 840 2195 in
868 2132 939 2198 luce
967 2136 1068 2200 modo

56 2258 65 2338 1
133 2249 230 2320 atque
251 2238 286 2300 11
308 2235 405 2300 oculis
427 2234 544 2299 civium
565 2256 715 2318 magnus3
739 2233 792 2297 sed
814 2232 901 2297 intus
915 2220 1068 2318 domique

56 2371 78 2410 ς
133 2336 338 2420 praestantior.
396 2334 462 2416 Qui
492 2333 609 2399 sermoi
641 2357 711 2418 quae
735 2334 909 2419 praecepta!
943 2345 1067 2417 quanta

134 2438 249 2503 notitia
277 2436 494 2521 antiquitatis!
531 2458 600 2520 quae
637 2437 768 2501 scientia
798 2436 880 2519 juris
916 2437 1066 2520 augurii!

134 2540 241 2604 multae
262 2539 366 2616 etiam,
389 2549 426 2602 ut
446 2537 479 2600 in
499 2539 621 2602 homine
637 2537 789 2611 Romano,
812 2537 928 2601 literae:
957 2539 1067 2602 omnia

134 2641 281 2706 memoria
304 2644 442 2716 tenebat,
466 2663 528 2703 non
554 2639 721 2703 domestica
746 2639 858 2715 solum,
884 2638 938 2702 sed
965 2639 1066 2706 etiam

134 2753 263 2810 externa
274 2743 364 2808 bella.
388 2742 488 2827 Cujus
499 2764 637 2806 sermone
652 2743 697 2805 ita
710 2756 788 2806 tuno
799 2740 911 2826 cupide
921 2739 1065 2820 fruebar,

136 2846 224 2930 quasi
242 2846 309 2930 jam
330 2845 501 2921 divinarem
525 2845 566 2918 id,
593 2844 677 2927 quod
702 2845 815 2920 evenit,
837 2843 891 2908 illo
913 2843 1061 2910 extincto

135 2949 212 3025 fore,
227 2948 310 3012 unde
325 2947 483 3022 discerem,
498 2945 662 3010 neminem.

179 3150 222 3217 V.
237 3156 285 3215 13.
304 3149 462 3230 Quorsum
474 3146 570 3232 igitur
580 3147 645 3209 haec
656 3156 721 3209 tam
733 3146 832 3211 multa
843 3147 882 3210 de
895 3145 1063 3213 Maximo?

137 3254 222 3335 Quia
233 3252 370 3337 profecto
384 3250 496 3333 videtis
512 3248 598 3312 nefas
613 3269 680 3312 esse
696 3247 793 3322 dictu,
806 3248 951 3311 miseram
962 3248 1064 3316 fuisse

134 3355 230 3419 talem
244 3361 445 3417 senectutem.
492 3350 559 3414 Nec
581 3360 686 3414 tamen
710 3371 816 3412 omnes
839 3357 969 3434 possunt
992 3371 1063 3416 esse

138 3456 299 3541 Scipiones
312 3464 367 3518 aut
383 3451 526 3527 Maximi,
542 3461 580 3516 ut
594 3451 719 3515 urbium
739 3450 997 3534 expugnationes,
1022 3463 1063 3516 ut

134 3557 292 3644 pedestres
303 3555 465 3622 navalesve
476 3575 606 3640 pugnas,
616 3561 658 3618 ut
668 3549 751 3618 bella
764 3552 782 3616 a
797 3573 830 3617 se
844 3565 931 3640 gesta
947 3551 1062 3618 trium·
