2258 3916
96 201 130 258 18
416 194 527 255 CATO
547 194 697 256 MAJOR.

94 383 208 425 munus
229 358 337 434 aetatis,
354 359 506 442 siquidem
521 359 552 423 id
570 360 673 425 aufert
694 359 793 436 nohis,
809 357 892 444 quod
916 368 966 425 est
990 359 1026 425 in

94 462 299 529 adolescenti&
308 462 551 527 vitiosissimum!
574 463 718 549 Accipite
728 461 1027 546 enimoptimiado·

94 563 1027 650 lescentes‚veteremorationemArchytaeTarentini,magni

90 665 128 731 in
144 666 260 751 primis,
272 674 304 731 et
319 665 455 749 praeclari
466 666 533 741 viri,
550 688 619 749 quae
634 666 708 729 mihi
720 666 835 731 tradita
849 678 905 740 est,
920 687 1027 748 quum

95 792 192 834 essem
206 769 381 833 adolescens
397 769 526 833 Tarenti
540 791 611 834 cum
634 768 674 849 Q.
692 768 840 832 Maximo.
886 768 1028 834 Nullam

95 870 304 955 capitaliorem
327 881 454 955 pestem,
471 872 565 955 quim
589 870 724 955 corporis
742 869 948 954 voluptatem,
964 871 1028 937 ho-

94 972 229 1037 minibus
254 972 375 1038 dicebat
400 974 419 1038 ri
441 973 552 1038 natural
580 973 704 1037 datam:
736 973 824 1055 cujus
846 971 1027 1057 voluptatis

95 1074 192 1138 avidae
216 1073 358 1141 libidines
383 1074 499 1139 temere
525 1085 558 1141 et
586 1062 742 1139 effrenate
766 1072 806 1137 ad
830 1072 1027 1156 potiundum

94 1174 306 1241 incitarentur.
328 1181 380 1240 40.
398 1175 485 1240 Hinc
495 1177 601 1260 patriae
615 1175 813 1260 proditiones,
825 1174 1027 1241 hinererum

94 1277 288 1363 publicarum
303 1277 485 1353 eversiones,
501 1277 573 1342 hinc
588 1299 659 1342 cum
673 1276 814 1342 hostibus
828 1276 1028 1342 claudestina

95 1378 248 1460 colloquia
258 1378 359 1453 nasci3
376 1377 496 1442 nullum
506 1378 640 1462 denique
649 1378 758 1453 scelus,
770 1377 891 1442 nullum
902 1378 1028 1445 melum

95 1478 215 1542 facinus
230 1501 305 1554 esse,
320 1477 361 1543 ad
375 1479 458 1562 quod
478 1480 705 1566 suscipiendum
720 1502 784 1544 non
797 1478 892 1544 libido
907 1480 1027 1566 volup-

95 1580 170 1646 tatis
195 1579 384 1664 impelleret;
408 1592 516 1665 stupra
529 1581 613 1659 verb,
634 1591 667 1645 et
688 1580 850 1654 adulteria,
870 1592 903 1645 et
927 1603 1027 1649 omne

96 1680 159 1745 tale
188 1680 352 1766 flagitium,
380 1681 475 1745 nullis
507 1681 574 1747 aliis
609 1681 760 1747 illecebris
789 1680 928 1758 excitari,
962 1683 1028 1749 nisi

96 1782 284 1867 voluptatis:
309 1804 469 1866 quumque
494 1782 577 1847 homi
601 1783 609 1798 ⁸
633 1783 702 1859 sive
725 1793 846 1859 natura,
862 1783 927 1848 sive
951 1784 1028 1870 quis

96 1882 194 1960 Deus,
209 1883 288 1948 nihil
309 1895 413 1949 mente
433 1884 573 1969 praestab'
661 1884 803 1962 dedisset,
818 1884 891 1949 huic
912 1884 1028 1953 divino

95 1986 217 2051 muneri
230 2009 266 2051 ac
281 1987 362 2051 dono
376 1986 454 2051 nihil
468 2009 533 2052 esse
546 1997 612 2053 tam
625 1985 785 2051 inimicum
800 1987 892 2070 quim
908 1986 1029 2074 volup-

87 2072 201 2153 tatem.
224 2094 276 2153 41.
291 2087 451 2154 Neoenim
474 2088 602 2153 libidine
610 2087 798 2163 dominante,
808 2091 1029 2172 temperantia

95 2189 197 2256 locum
221 2212 296 2266 esse,
312 2212 414 2273 neque
433 2189 607 2255 omninoin
620 2188 790 2274 voluptatis
809 2211 903 2274 regno
919 2190 1029 2257 vinu·

6 2365 9 2369 .
33 2360 38 2365 ,
97 2302 160 2356 tem
175 2313 263 2376 posse
277 2291 452 2357 consistere.
499 2290 594 2372 Quod
608 2291 671 2374 qud
687 2290 785 2376 magis
799 2291 934 2375 intelligi
951 2316 1030 2378 pos·

98 2402 156 2469 set,
179 2394 295 2479 fingere
317 2393 419 2457 animo
437 2391 569 2477 jubebat
587 2393 677 2457 tante
698 2392 863 2458 incitatum
884 2393 1029 2476 aliquem

97 2491 258 2576 voluptate
283 2492 427 2576 corporis,
454 2502 573 2576 quanta
597 2492 714 2581 percipi
738 2504 840 2578 posset
865 2492 1026 2575 maxima:

97 2593 214 2658 nemini
234 2593 378 2657 censebat
397 2593 464 2658 fore
478 2592 619 2668 dubium,
635 2593 711 2676 quin
732 2593 862 2667 tamdiu,
878 2591 956 2663 dum
979 2595 1029 2661 ita

97 2694 256 2781 gauderet,
285 2693 363 2757 nihil
391 2693 509 2778 agitare
534 2705 648 2768 mente,
678 2694 756 2757 nihil
784 2694 915 2770 ratione,
942 2695 1031 2769 nihil

98 2795 284 2882 cogitatione
298 2795 446 2880 consequi
460 2805 574 2880 posset.
621 2794 776 2876 Quocirca
790 2795 867 2859 nihil
879 2818 944 2860 esse
957 2809 1030 2865 tam

98 2898 288 2975 detestabile,
313 2908 440 2982 tamque
469 2897 660 2982 pestiferum,
686 2900 780 2982 quam
808 2898 1008 2983 voluptatem
1015 2924 1027 2978 3

98 3002 251 3084 siquidem
270 3024 316 3075 ea,
333 3023 430 3084 quum
451 2999 548 3082 major
569 3010 650 3065 esset
672 3012 768 3084 atque
783 3000 914 3086 longior,
930 3022 1030 3071 omne

98 3104 193 3169 animi
221 3104 327 3168 lumen
355 3103 577 3188 exstingueret.
632 3101 711 3167 Haeo
740 3125 824 3187 eum,
842 3101 879 3167 C.
905 3100 1029 3181 Pontio

101 3204 380 3289 Samnite—patre
409 3204 485 3286 ejus,
508 3203 527 3267 b
555 3225 628 3287 quo,
653 3202 796 3269 Caudino
825 3202 940 3289 praelio,
968 3203 1027 3291 Sp.

99 3306 290 3382 Postumius,
317 3304 355 3368 Τ.
373 3303 534 3379 Veturius
558 3304 709 3381 consules,
734 3305 871 3389 superati
900 3317 1029 3370 sunt-

98 3408 239 3473 locutum
274 3407 461 3492 Archytam,
492 3405 653 3471 Nearchus
684 3405 881 3484 Tarentinus,
911 3406 1029 3492 hospes

101 3519 213 3587 noster,
229 3509 284 3595 qui
306 3509 339 3573 in
361 3506 496 3577 amicitia
517 3506 623 3595 populi
643 3507 777 3574 Romani
798 3523 1027 3595 permanserat,
