2258 3916
130 225 170 284 50
489 215 663 277 LAELIUS.

131 384 282 456 Amicitia
297 383 373 471 qnid
388 384 545 460 sentirem,
560 382 699 469 potuisse
714 380 822 446 dicere.
871 379 969 466 Siqua
984 405 1067 468 praa·

130 487 217 553 terea
239 496 322 561 sunt,
345 483 437 550 credo
456 495 563 549 autem
584 504 650 548 esse
672 482 780 558 multa,
801 482 840 546 ab
858 480 906 559 iis,
929 481 1067 549 sivide·

130 588 226 665 bitur,
244 586 299 672 qui
313 586 376 650 ista
390 586 562 672 disputant,
578 583 751 667 quaeritote.

83 722 85 728 ·
175 693 226 753 25.
251 686 423 750 anmns.
449 685 516 749 Nos
530 694 636 748 antem
651 684 669 747 a
684 694 716 747 te
730 684 853 769 potius:
871 705 1066 768 quamquam

132 789 227 855 etiam
251 790 291 852 ab
314 787 382 852 istis
404 809 483 870 saepe
506 785 634 869 quaesivi
657 793 690 848 et
711 784 834 861 audivi3
859 807 922 849 non
943 782 1067 850 invitus

131 890 294 975 equidem3
318 887 371 953 sed
388 887 472 951 aliud
488 886 644 971 quoddam
661 896 708 950 est
722 885 811 950 filum
826 887 974 951 orationis
988 896 1065 952 tuae.

177 989 359 1060 semona,
389 988 472 1053 Tum
488 986 586 1073 magis
601 987 634 1050 id
648 987 775 1064 diceres,
791 986 906 1064 Fanni,
922 987 949 1052 ai
963 1010 1069 1074 nuper

131 1093 165 1158 in
189 1089 287 1158 hortis
317 1087 480 1174 Scipionis,
507 1109 606 1171 quum
630 1096 678 1153 est
701 1087 740 1152 de
758 1087 935 1172 Republict
956 1087 1068 1174 dispu-

130 1204 243 1272 tatum,
258 1189 407 1258 affnisses.
454 1188 566 1271 Qualis
585 1196 654 1252 tum
673 1197 824 1273 patronus
846 1187 978 1274 justitiae
1001 1188 1069 1254 fuit

131 1307 240 1364 contra
254 1304 431 1361 accuratam
446 1291 615 1356 orationem
632 1287 735 1354 Philil

175 1396 350 1461 Fannms.
388 1391 497 1457 Facile
512 1389 545 1454 id
559 1389 686 1474 quidem
701 1388 774 1468 fuit,
786 1389 943 1475 justitiam
953 1390 1071 1477 justis·

133 1498 210 1564 almo
225 1498 293 1560 viro
308 1494 485 1560 defendere.

179 1597 362 1664 Servom.
409 1593 520 1677 Quid?
536 1591 718 1658 Amicitiam
732 1616 837 1660 nonne
851 1594 942 1661 facile
954 1595 993 1674 ei,
1010 1598 1071 1682 qui

134 1698 175 1764 ob
195 1720 264 1763 eam
279 1694 400 1761 summa
413 1694 484 1769 fide,
501 1693 686 1771 constantia,
697 1694 884 1780 justitiaque
899 1710 1087 1775 servatam,-

133 1797 301 1864 maximam
315 1794 446 1882 gloriam
462 1793 602 1880 ceperit?

178 1995 280 2063 VIII.
298 1998 349 2059 26.
374 1992 529 2058 Lmnms.
565 1991 642 2059 Vim
657 1993 716 2059 hoc
730 1994 857 2078 quidem
873 2005 920 2062 est
934 1995 1069 2063 afferre:

135 2098 212 2184 quid
227 2096 313 2162 enim
327 2095 422 2161 refert
437 2095 500 2179 qut
514 2117 565 2160 me
579 2094 740 2180 rogatione
757 2096 898 2181 cogatis?
942 2079 1072 2183 cogitis

135 2197 227 2265 certe.
254 2195 374 2262 Studiis
389 2194 471 2259 enim
482 2217 678 2280 generorum,
690 2196 861 2281 presertim
874 2196 908 2261 in
922 2219 956 2262 re
972 2200 1070 2276 bonai,

135 2319 235 2380 quum
248 2294 375 2359 difficile
390 2301 448 2369 est,
460 2304 530 2356 tum
543 2315 584 2358 ne
599 2315 725 2379 aeqnum
740 2295 876 2378 quidem,
892 2295 1058 2363 obsistere.

182 2395 356 2481 Saepissime
367 2393 465 2480 igitur
478 2393 555 2458 mihi
565 2395 605 2460 de
618 2395 755 2460 amicitii
765 2396 916 2489 cogitanti
930 2398 1072 2466 maxime

135 2496 214 2562 illud
236 2493 492 2560 considerandum
511 2494 610 2560 videri
628 2495 716 2572 solet,
731 2507 840 2562 utrum
861 2509 989 2584 propter
1008 2499 1072 2564 im·

135 2594 337 2662 becillitatem
367 2605 463 2678 atque
488 2593 623 2679 inopiam
648 2594 821 2662 desiderata
848 2596 891 2662 sit
918 2597 1070 2678 amicitia,

136 2697 233 2765 utin
261 2695 371 2761 dandis
399 2696 645 2782 recipiendisque
674 2697 802 2775 meritis,
829 2699 912 2782 quod
933 2699 1072 2785 quisquc

136 2801 241 2866 minus
260 2820 316 2884 per
335 2819 368 2862 se
389 2796 455 2883 ipse
469 2808 581 2882 posset,
596 2798 629 2863 id
650 2796 803 2886 acciperet
822 2802 863 2865 ab
884 2800 955 2876 alic,
977 2801 1072 2867 vicis·

136 2901 259 2983 simque
273 2897 430 2964 redderet:
447 2920 487 2962 an
501 2908 583 2962 esset
596 2899 655 2964 hoc
674 2899 801 2984 quidem
814 2900 975 2986 proprium
990 2903 1072 2966 ami-

137 3000 227 3066 citiae.
275 2999 338 3065 Sed
357 2998 516 3082 antiquior
530 3008 563 3064 et
581 2999 740 3084 pulchrior
753 3012 786 3065 et
800 3001 900 3086 magis
921 3001 1074 3068 anatur&

136 3103 204 3188 ipsi
217 3099 356 3186 pmfecta
369 3098 429 3163 alia
446 3120 546 3163 causa
592 3099 694 3165 Amor
707 3101 790 3165 enim
799 3123 892 3166 -ex
906 3122 970 3184 quo
990 3107 1072 3166 ami-

137 3207 210 3268 citia
232 3198 584 3286 nominata—princeps
598 3210 646 3266 est
666 3201 706 3265 ad
725 3201 974 3267 benevolentiam
994 3224 1071 3268 con·

132 3301 336 3390 jungendam.
392 3297 476 3362 Nam
505 3300 657 3366 utilitates
686 3300 812 3386 quidem
840 3302 935 3368 etiam
960 3303 1002 3368 ab
1033 3306 1072 3370 iis

136 3401 352 3490 percipiuntur
365 3420 455 3483 saepe,
471 3399 526 3483 qui
544 3401 739 3491 simulatione
753 3403 896 3468 amicitia
910 3403 1071 3483 coluntur,

137 3506 397 3572 conservantur
421 3501 513 3566 causa
532 3502 688 3592 temporis.
735 3502 777 3568 In
802 3505 937 3572 amicitia
962 3516 1073 3573 autem

65 3622 79 3672 l
