2258 3916
112 203 152 262 24
434 199 545 264 CATO
566 201 716 262 MAJOR.

111 368 164 433 fici
185 366 307 433 tantulo
328 389 435 454 grano,
459 377 514 432 aut
537 390 576 433 ex
599 367 689 435 acino
706 367 845 443 vinaceo,
862 374 918 430 aut
934 388 979 431 ex
994 388 1052 435 ee·

111 478 249 533 terarum
263 467 389 553 frugum
411 489 447 533 ac
468 467 614 553 stirpium
636 465 852 532 minutissimis
867 466 1051 534 seminibus

110 579 215 634 tantos
229 578 356 633 truncos
369 589 532 652 ramosque
547 577 697 654 procreat.
744 566 896 643 Malleoli,
912 566 1048 652 plantae,

110 679 274 746 sarmenta,
290 667 482 744 viviradices,
498 668 693 754 propagines,
714 688 818 731 nonne
833 688 869 731 ea
885 665 1047 745 efficiunt,

110 778 148 834 ut
181 755 322 852 quemvis
359 789 431 832 cum
469 766 675 831 admiratione
713 765 891 833 delectent?
953 765 1047 832 Vrtis

110 869 246 953 quidem,
262 891 331 952 quac
345 867 457 932 natural
473 867 588 932 caduca
602 875 659 944 est,
676 875 719 942 et,
739 865 800 929 nisi
820 865 901 930 fulta
922 864 977 943 sit,
1001 867 1045 931 'ad

109 980 223 1035 terram
244 969 362 1045 fertur3
386 967 502 1044 eadem,
526 977 564 1032 ut
586 989 619 1032 se
641 967 752 1051 erigat,
777 965 936 1030 claviculis
962 965 1043 1044 suis,

109 1069 199 1153 quasi
229 1069 380 1144 manibus,
411 1066 564 1152 quidquid
591 1078 638 1131 est
664 1077 765 1142 nacta,
796 1065 1040 1150 complectiturz

108 1191 213 1253 quam,
231 1179 406 1254 serpentem
428 1167 596 1253 multiplici
614 1167 704 1253 lapsu
728 1176 761 1231 et
784 1166 925 1241 erratico,
952 1165 1041 1232 ferro

108 1282 272 1353 amputans
295 1272 417 1332 coercet
440 1289 489 1330 ars
512 1265 728 1351 agricolarum,
749 1286 789 1329 ne
810 1263 956 1328 silvescat
972 1286 1040 1328 sar·

107 1369 230 1445 mentis,
261 1378 293 1432 et
322 1369 354 1431 in
384 1390 491 1432 omnes
519 1377 622 1452 partes
652 1365 748 1429 nimia
772 1364 934 1429 fundatur.
983 1370 1037 1431 53.

107 1467 232 1550 Itaque,
249 1467 376 1531 ineunte
391 1489 473 1541 vere,
488 1466 584 1542 iniis,
602 1487 672 1550 qua
686 1464 797 1529 relicta
811 1475 894 1540 sunt,
911 1465 1039 1532 exsistit

107 1580 266 1651 tamquam
289 1568 328 1630 ad
349 1568 496 1632 articulos
519 1575 745 1632 sarmentorum
764 1588 810 1642 ea,
831 1587 901 1649 qua
913 1589 1039 1651 gemma

106 1669 236 1744 dicitur3
249 1669 268 1732 a
283 1669 346 1751 qud
361 1668 463 1732 oriens
478 1691 539 1732 uva
554 1690 619 1733 sese
634 1667 792 1744 ostendit3
809 1690 879 1752 quae
893 1676 926 1732 et
940 1690 1038 1734 succo

107 1778 197 1830 terrae
212 1777 244 1831 et
260 1767 360 1830 calore
381 1766 453 1830 solis
474 1789 653 1852 augescens,
676 1766 775 1851 primo
798 1777 845 1831 est
867 1770 1037 1850 peracerba

105 1877 244 1952 gustatu,
260 1865 371 1930 deinde
386 1876 543 1930 maturata
563 1867 724 1943 dulcescit,
745 1867 922 1950 vestitaque
944 1866 1037 1952 pam·

104 1966 186 2053 pinis
200 1987 257 2030 nec
272 1966 391 2030 modico
406 1978 512 2050 tepore
524 1977 619 2042 caret,
634 1979 665 2032 et
678 1968 790 2032 nimios
805 1968 876 2032 solis
891 1966 1036 2035 defendit

104 2067 236 2132 ardores.
285 2065 448 2151 Qudquid
464 2077 658 2151 potestesse,
675 2091 772 2152 quum
791 2069 896 2134 fructu
917 2067 1035 2149 laetius,

104 2180 171 2232 turn
187 2169 336 2253 adspectu
351 2168 515 2252 pulcrius?
560 2167 660 2252 Cujus
677 2169 803 2253 quidem
824 2192 886 2233 non
908 2169 1034 2237 utilitas

103 2289 153 2330 me
177 2266 286 2340 solum,
312 2275 348 2328 ut
372 2265 444 2330 antd
468 2265 543 2342 dixi,
565 2267 730 2332 sedetiam
754 2268 887 2341 cultura,
911 2268 1036 2354 etipsa
1077 2278 1080 2286 '

104 2376 216 2428 natura
245 2363 398 2428 delectat:
437 2365 709 2431 adminiculorum·
726 2367 858 2443 ordines,
889 2367 1034 2455 capitum

98 2464 232 2548 jugatio,
250 2462 391 2548 religatio
403 2476 436 2528 et
450 2465 633 2551 propagatio
648 2467 769 2543 vitium,
786 2479 1035 2534 sarmentorum·

102 2584 165 2647 que
185 2583 231 2638 ea,
248 2583 342 2645 quam
363 2562 439 2640 dixi,
459 2564 590 2628 aliorum
611 2567 792 2651 amputatio,
816 2568 946 2632 aliorum
971 2568 1034 2634 im-

102 2662 215 2727 missio.
262 2660 347 2741 Quid
369 2684 427 2748 ego
446 2663 665 2746 irrigationes?
687 2666 763 2749 quid
785 2666 934 2730 fossiones
949 2670 1032 2754 agri,

64 2774 77 2793 ⁸
101 2762 419 2847 repastinationesque
441 2763 604 2847 proferam,
628 2766 743 2850 quibus
765 2765 802 2830 fit
821 2766 920 2830 multo
943 2778 1034 2835 terra

100 2862 294 2927 foecundior?
318 2867 368 2926 54.
387 2861 473 2944 Quid
485 2862 523 2926 de
538 2863 675 2929 utilitate
689 2866 801 2949 loquar
815 2868 1032 2933 stercorandi?

101 2963 179 3027 Dixi
201 2962 234 3024 in
257 2985 293 3026 eo
313 2962 402 3038 libro,
427 2985 519 3046 quem
539 2963 578 3027 de
598 2964 709 3030 Rebus
732 2965 872 3031 Rusticis
896 2967 1029 3052 scripsi:

100 3062 138 3127 de
158 3062 222 3146 quai
247 3062 356 3126 doctus
383 3061 541 3128 Hesiodus
565 3087 605 3129 ne
632 3068 762 3130 verbum
788 3066 914 3150 quidem
939 3064 1030 3146 fecit,

99 3186 198 3248 quum
220 3163 259 3227 de
282 3162 404 3227 cultura
426 3165 492 3248 agri
515 3165 673 3230 scriberet.
720 3167 768 3231 At
784 3169 952 3244 Homerus,
970 3174 1030 3255 qui

96 3263 216 3340 multis,
240 3273 276 3328 ut
297 3263 374 3327 mihi
396 3263 529 3341 videtur,
552 3266 626 3330 ante
648 3268 767 3332 saeculis
785 3268 857 3345 fuit,
874 3268 1029 3338 Laertem

96 3364 264 3430 lenientem
279 3363 474 3439 desiderium,
492 3366 575 3448 quod
591 3365 731 3449 capiebat
746 3367 764 3432 ὲ
779 3368 852 3445 filio,
869 3369 1029 3438 colentem

96 3485 217 3549 agrum,
240 3474 273 3529 et
295 3486 367 3530 eum
389 3474 609 3530 stercorantem
631 3465 715 3530 facit.
763 3467 831 3532 Neo
846 3467 921 3534 verd
936 3490 1029 3558 sege·
