2258 3916
438 182 528 242 cnr.
547 178 618 250 xx
954 189 991 275 aa

65 352 167 430 eredo,
183 374 216 418 se
238 372 304 417 esse
324 368 430 416 earum
452 347 525 414 suis.
573 347 636 416 Sed
653 346 736 414 haud
751 348 813 415 scio
827 372 867 415 an
880 350 990 453 melius

65 453 188 518 Ennius
199 476 208 518 ε

134 676 136 681 ⁴
150 593 246 657 Nemo
261 615 306 655 me
321 593 463 676 lacrymis
477 580 602 685 decoret,
618 594 884 678 neefaaerafletu

149 696 253 758 Facit.

10 875 42 954 χ
64 860 116 925 74.
141 858 217 925 Non
242 868 348 924 censet
372 857 541 944 lugendam
565 879 632 922 esse
657 869 798 936 mortem,
815 883 909 944 quam
930 862 986 926 im-

63 958 235 1025 mortalitas
249 967 466 1042 consequatur.
498 957 524 1023 J
525 979 575 1020 am
590 980 697 1023 sensus
710 959 861 1025 moriendi
875 960 988 1046 aliquis

63 1083 130 1126 esse
144 1070 257 1146 potest,
268 1060 357 1145 isque
372 1059 411 1124 ad
422 1059 571 1145 exiguum
583 1068 715 1145 tempus,
726 1062 895 1145 praesertim
906 1064 985 1128 seni:

63 1171 135 1246 post
149 1171 280 1226 mortem
300 1160 427 1246 quidem
448 1183 556 1227 sensus
576 1170 631 1225 aut
645 1162 798 1246 optandus
812 1171 868 1227 aut
882 1163 987 1229 nullus

63 1273 120 1328 est.
166 1261 230 1328 Sed
243 1262 302 1327 hoc
316 1261 500 1327 meditatum
514 1262 553 1325 ab
573 1260 779 1326 adolescentia
797 1261 889 1327 debet
911 1286 985 1340 esse,

63 1373 195 1428 mortem
214 1372 252 1427 ut
272 1362 485 1448 negligamus:
509 1361 576 1425 sine
596 1362 659 1445 qud
678 1362 878 1427 meditatione
901 1377 986 1428 tran-

64 1463 162 1548 quillo
184 1485 249 1528 esse
272 1462 374 1526 animo
400 1483 491 1526 nemo
516 1471 628 1546 potest.
677 1461 878 1527 Moriendum
903 1464 987 1529 enim

63 1563 147 1628 certe
161 1571 228 1638 est3
252 1571 286 1627 et
305 1561 337 1624 id
354 1561 518 1638 incertum,
541 1582 582 1625 an
601 1582 638 1625 eo
656 1560 723 1646 ipso
743 1561 801 1627 die.
846 1562 987 1627 Mortem

62 1663 161 1748 igitur
174 1661 318 1727 omnibns
336 1660 419 1724 horis
433 1660 663 1746 impendentem
677 1661 789 1726 timens
801 1661 857 1746 qui
871 1663 986 1748 poterit

63 1761 167 1826 animo
180 1761 347 1826 consistere
356 1760 405 1833 lu
415 1761 464 1826 75.
488 1759 539 1824 De
554 1761 618 1844 qut
631 1783 694 1825 non
715 1761 761 1826 ita
773 1760 867 1848 longa
881 1763 986 1848 dispu-

62 1861 180 1927 tatione
194 1883 272 1946 opus
293 1882 358 1925 esse
373 1859 507 1936 videtur,
522 1882 620 1943 quum
641 1861 792 1938 recorder,
808 1885 871 1927 non
886 1863 986 1927 solum

63 1958 104 2023 L.
121 1959 268 2036 Brutum,
285 1961 340 2043 qui
362 1959 397 2022 in
415 1957 574 2023 liberanda
592 1960 692 2044 patria
714 1971 761 2024 est
783 1961 983 2038 interfectus3

62 2080 125 2122 non
141 2058 218 2123 duos
233 2057 358 2134 Decios,
374 2057 429 2141 qui
443 2058 482 2121 ed
493 2058 698 2123 voluntariam
712 2068 845 2124 mortem
860 2081 985 2125 cursum

63 2178 215 2240 equorum
252 2155 477 2231 incitaverunt3
511 2178 575 2220 non
607 2155 654 2221 M
686 2155 832 2233 Atilium,
863 2158 918 2242 qui
946 2159 986 2222 ad

63 2257 249 2343 supplicium
266 2267 314 2322 est
333 2255 500 2342 profectus,
516 2266 553 2321 ut
571 2255 665 2321 fidem
683 2257 766 2322 hosti
787 2258 890 2322 datam
913 2281 986 2323 eon-

63 2367 219 2432 servaret;
243 2378 307 2422 non
335 2356 413 2421 duos
444 2354 612 2442 Scipiones,
637 2356 692 2440 qui
720 2357 781 2422 iter
804 2357 910 2423 Poenis
934 2361 985 2425 vel

63 2458 242 2543 corporibus
277 2455 340 2522 suis
378 2455 538 2521 obstruere
566 2456 751 2533 voluerunt3
792 2481 854 2523 non
891 2482 985 2524 avum

48 2567 163 2634 tuum,
174 2557 214 2622 L.
229 2557 386 2633 Paullum,
397 2556 452 2641 qui
462 2565 563 2622 morte
573 2554 634 2621 luit
647 2556 771 2642 collegae
784 2558 817 2621 in
828 2558 985 2624 Cannensi

62 2657 232 2742 ignominia
256 2656 481 2721 temeritatem:
512 2677 575 2719 non
605 2654 652 2719 M.
675 2654 869 2733 Marcellum,
897 2659 985 2741 cujus

61 2757 225 2823 interitum
257 2779 297 2822 ne
329 2755 556 2822 crudelissimus
584 2756 711 2840 quidem
742 2756 839 2822 hostis
870 2757 985 2823 honore

63 2856 230 2940 sepulturae
255 2877 358 2921 carere
380 2877 488 2940 passus
514 2864 578 2920 este
609 2855 663 2919 sed
689 2853 827 2940 legiones
854 2865 984 2934 nostras,

64 2953 148 3037 quod
162 2954 271 3038 scripsi
291 2954 325 3017 in
345 2955 530 3039 Oeaqiaions,
545 2953 579 3016 in
602 2975 674 3018 eum
693 2975 773 3039 saepe
790 2953 892 3019 locum
915 2977 986 3040 pro·

64 3054 162 3118 fectae
190 3054 285 3119 alacri
313 3055 416 3120 animo
445 3064 477 3119 et
507 3063 619 3130 erecto,
647 3054 732 3119 unde
760 3075 793 3118 se
823 3077 984 3138 nunquam

63 3153 217 3218 redituras
242 3153 474 3220 arbitrarentur.
529 3152 623 3234 Quod
646 3153 745 3241 igitur
767 3154 984 3231 adolescentes,

63 3263 95 3318 et
122 3251 144 3314 ii
168 3250 294 3335 quidem
318 3275 381 3318 non
405 3253 506 3318 soldm
530 3251 655 3330 indocti,
672 3253 725 3318 sed
747 3253 842 3319 etiam
866 3254 984 3330 rustici,

62 3361 278 3429 contemnunt,
292 3351 325 3416 id
347 3352 432 3419 docti
450 3375 538 3419 senes
561 3353 789 3419 extimescent?
833 3357 883 3421 76.
908 3352 986 3418 Om-

62 3451 148 3531 nino,
172 3461 210 3518 ut
234 3452 312 3519 mihi
336 3453 463 3540 quidem
491 3453 625 3533 videtur,
647 3454 820 3521 studiorum
847 3453 985 3520 omnium

488 3559 534 3604 οὔ
