2258 3916
104 207 142 263 34
301 148 303 152 ·
423 198 534 261 CATO
554 199 705 260 MAJOR.

104 368 230 433 satietas
250 365 323 432 vita
345 363 419 431 facit
442 364 624 431 satietatem.
672 363 755 431 Sunt
776 363 917 450 pueritia
941 377 1037 432 certa

104 467 223 532 studia:
246 489 323 530 num
336 465 434 551 igitur
448 488 485 530 ea
498 465 672 530 desiderant
683 464 917 530 adolescentes?
942 465 1036 532 Sunt

105 576 136 630 et
168 565 304 631 ineuntis
340 563 570 629 adolescentiae:
601 586 678 627 num
711 585 747 628 ea
778 563 842 646 jam
880 575 1035 631 constans

103 664 234 750 requirit
248 675 331 741 retas,
348 685 416 748 quae
431 665 528 727 media
542 662 679 728 dicitur?
725 661 808 728 Sunt
822 662 917 728 etiam
932 663 1034 748 hujus

103 767 220 831 aetatis:
243 790 283 832 ne
299 788 335 831 ea
350 766 474 849 quidem
492 774 675 849 quaeruntur
691 765 710 828 d
727 773 893 829 senectute.
942 764 1034 831 Sunt

102 880 241 950 extrema
256 851 396 950 quaedam
418 865 521 930 studia
540 863 726 930 senectutis:
749 863 833 948 ergb,
848 873 886 929 ut
905 866 1033 957 superi-

103 989 191 1031 orum
214 975 342 1050 aetatum
371 964 472 1030 studia
501 964 656 1039 occidunt,
682 962 727 1028 sic
755 962 900 1028 occidunt
931 963 1033 1030 etium

102 1066 278 1132 senectutis.
326 1063 420 1147 Quod
435 1087 532 1149 quum
547 1063 661 1140 evenit,
673 1062 800 1129 satietas
815 1063 887 1128 vitae
901 1075 1033 1149 tempus

101 1177 260 1232 maturum
271 1166 378 1232 mortis
392 1165 491 1231 affert.

145 1367 248 1432 XXI.
267 1370 332 1434 «77.
365 1365 521 1451 Equidem
546 1388 610 1432 non
635 1365 735 1443 video,
761 1387 826 1442 cur,
853 1364 930 1450 quid
959 1366 1031 1452 ipse

102 1467 233 1531 sentiam
247 1466 409 1545 demorte,
425 1489 488 1531 non
502 1466 631 1530 audeam
646 1465 733 1530 vobis
747 1465 865 1530 dicere:
890 1464 976 1550 quod
990 1467 1031 1533 eb

101 1566 211 1631 melius
225 1565 301 1629 mihi
315 1587 440 1631 eernere
454 1565 570 1639 videor,
583 1565 646 1650 qub
660 1567 700 1630 ab
715 1565 751 1630 ed
765 1565 891 1650 propius
904 1566 1030 1630 absum.

101 1666 172 1750 Ego
198 1677 315 1731 vestros
340 1677 453 1750 patres,
469 1664 507 1729 P.
527 1664 640 1750 Scipio,
654 1675 764 1749 tuque,
782 1663 819 1733 C.
836 1664 926 1740 Laeli,
943 1665 1031 1731 viros

101 1766 282 1830 clarissimos
304 1766 441 1848 mihique
463 1765 670 1841 amicissimos,
691 1765 795 1831 vivere
816 1764 969 1842 arbitron
994 1775 1032 1832 et

101 1888 168 1930 eam
198 1866 324 1950 quidem
345 1865 451 1941 vitam
473 1886 542 1949 quae
571 1873 618 1929 est
647 1863 710 1929 sola
731 1865 798 1930 vita
826 1864 1029 1930 nominanda.

102 1965 195 2042 Nam,
212 1966 286 2030 dum
300 1987 407 2030 sumus
421 1965 454 2029 in
468 1964 516 2029 his
531 1963 642 2029 inclusi
662 1963 861 2049 compagibus
878 1964 1029 2048 corporis,

100 2088 228 2131 munere
252 2066 385 2150 quodam
408 2065 600 2130 necessitatis
623 2074 656 2130 et
676 2064 765 2150 gravi
784 2085 876 2149 opere
897 2063 1030 2148 perfun-

100 2165 219 2249 gimur:
235 2174 282 2230 est
293 2164 376 2230 enim
387 2164 507 2229 animus
519 2163 651 2230 coelestis
661 2185 702 2228 ex
713 2162 863 2228 altissimo
869 2162 1031 2229 domicilio

101 2263 262 2347 depressus
282 2272 314 2328 et
329 2262 419 2346 quasi
433 2262 590 2328 demersus
604 2262 638 2326 in
652 2273 777 2338 terram,
793 2261 896 2327 locum
910 2261 1031 2328 divinae

101 2375 220 2428 naturae
245 2362 472 2446 aeternitatique
490 2363 692 2429 'contrarium
739 2362 803 2430 Sed
825 2362 916 2428 credo
938 2362 1031 2430 Deos

102 2462 289 2528 immortales
315 2463 459 2548 sparsisse
482 2464 600 2530 animos
620 2463 654 2528 in
679 2485 807 2548 corpora
827 2463 975 2541 bumana,
991 2474 1031 2529 ut

103 2572 213 2638 essent,
230 2563 285 2646 qui
305 2572 401 2628 terras
415 2573 589 2639 tuerentur,
608 2563 735 2648 quique,
751 2563 921 2629 celestium
943 2564 1031 2630 ordi-

102 2686 174 2728 nem
186 2663 438 2748 contemplantes,
450 2664 647 2728 imitarentur
657 2685 728 2729 eum
739 2663 812 2729 vitae
822 2663 914 2729 modo
928 2673 1031 2748 atque

103 2761 283 2827 constantii.
308 2761 342 2825 N
343 2783 378 2826 ec
393 2784 441 2827 me
456 2762 556 2827 solum
566 2763 646 2827 ratio
660 2784 697 2827 ac
710 2761 879 2846 disputatio
889 2761 1029 2847 impulit,

103 2873 140 2927 ut
168 2863 213 2927 ita
245 2863 417 2939 crederem3
452 2863 505 2928 sed
534 2863 678 2929 nobilitas
711 2863 807 2929 etiam
835 2885 1032 2929 summorum

104 2962 353 3048 pbilosophorum
368 2972 400 3027 et
414 2963 590 3029 auctoritas.
640 2967 690 3029 78.
710 2961 887 3028 Audiebam
903 2963 1031 3049 Pytha·

103 3083 209 3146 goram
239 3061 525 3148 Pythagoreosque,
551 3062 665 3127 incolas
698 3063 784 3146 paene
812 3072 943 3139 nostros,
972 3065 1032 3148 qui

104 3173 206 3228 essent
221 3164 325 3227 Italici
333 3165 505 3248 philosophi
518 3163 674 3247 quondam
691 3163 852 3239 nominati,
864 3186 1031 3248 nunquam

104 3264 269 3340 dubitasse,
286 3263 363 3348 quin
388 3285 428 3329 ex
453 3264 597 3329 universa
618 3273 722 3328 monte
745 3264 851 3329 divine
875 3258 1032 3332 delibatos

104 3364 221 3432 animos
235 3364 427 3429 haberemus.
462 3363 850 3429 Demonstrabanturmihi
865 3371 1032 3448 praeterea,

105 3484 175 3547 qua
191 3462 333 3532 Socrates
347 3487 489 3551 supremo
504 3465 575 3532 vitae
590 3464 640 3528 die
655 3463 693 3530 de
708 3462 940 3530 immortalitate
958 3466 1045 3533 ani<
