2258 3916
446 242 537 302 GAP.
556 243 659 302 XVII.
967 239 1007 305 27

84 405 163 472 libro
191 405 332 492 loquitur
363 428 436 472 eum
470 406 650 473 Critobulo:
690 405 811 492 Cyrum
845 406 1005 483 minorem,

82 529 190 594 regem
212 507 389 584 Persarum,
404 517 602 593 praestantem
624 509 749 594 ingenio
770 518 865 592 atque
887 507 1006 592 imperii

83 608 191 694 gloria,
214 630 314 693 quum
334 607 500 693 Lysander
523 608 786 686 Lacedaemonius,
808 609 856 672 vir
881 630 1006 673 summm

85 708 219 784 virtutis,
235 709 370 774 venisset
390 708 520 773 adeum
545 707 659 786 Sardis,
675 709 765 794 eique
786 708 898 772 donea
918 707 1006 772 sociis

83 807 249 883 attulisset,
272 816 305 871 et
329 806 439 871 ceteris
461 806 495 869 in
516 806 609 872 rebus
634 828 828 872 communem
845 829 918 893 erga
939 806 1007 892 Ly-

83 907 230 972 sandrum
252 918 348 990 atque
362 907 532 971 humanum
551 907 655 985 fuisse,
671 918 704 974 et
721 909 750 973 ei
765 909 919 992 quendam
934 930 1006 973 ecn-

83 1017 207 1091 septum
221 1027 331 1090 agrum
345 1006 510 1091 diligenter
523 1006 676 1071 consitum
688 1008 864 1072 ostendisse.
900 1005 1005 1088 Quum

83 1114 189 1168 autem
202 1104 406 1169 admiraretur
420 1103 583 1189 Lysander
594 1114 627 1170 et
640 1106 838 1190 proceritates
852 1108 1005 1180 arborum,

82 1213 116 1269 et
130 1193 262 1284 directos
283 1204 316 1268 in
339 1206 544 1289 quincuncem
559 1205 690 1283 ordines,
706 1215 738 1270 et
748 1206 884 1271 'humum
900 1208 1006 1269 subac-

83 1312 148 1367 tam
169 1312 266 1386 atque
286 1325 405 1387 puram,
427 1312 459 1368 et
481 1304 665 1370 suavitatem
687 1304 824 1382 odorum,
846 1304 901 1388 qui
922 1302 1006 1366 affla-

83 1412 192 1468 rentur
213 1403 231 1468 ὲ
252 1403 396 1479 floribus3
420 1413 488 1468 tum
506 1403 629 1481 dixisse,
651 1405 756 1469 mirari
778 1427 811 1470 se
832 1427 895 1468 non
916 1403 1006 1467 mode

84 1503 277 1588 diligentiam
300 1503 466 1568 sedetiam
491 1504 657 1568 sollertiam
679 1505 755 1589 ejus,
776 1506 795 1569 d
820 1526 883 1587 quo
904 1511 1007 1568 essent

83 1603 138 1667 illa
151 1604 288 1696 dimensa
298 1614 393 1688 atque
403 1604 571 1689 descripta3
588 1605 660 1670 etei
676 1604 796 1692 Cyrum
807 1604 1005 1690 respondisse,
1048 1635 1049 1639 ,

84 1706 183 1789 Atqui
203 1727 255 1789 eqo
269 1710 369 1768 omnia
384 1709 443 1768 ista
458 1728 522 1768 snm
536 1707 685 1769 dimensus
692 1731 705 1781 ,·
726 1709 784 1769 mei
796 1716 867 1769 sunt
880 1707 1005 1777 ordiner,
1103 1772 1106 1778 ⁸

85 1826 151 1865 mea
177 1805 356 1888 descripti03
381 1805 481 1866 multe
505 1807 594 1867 etiam
618 1808 747 1867 istarum
776 1806 916 1868 arborum
942 1803 1006 1864 med
1112 1837 1113 1841 =

85 1926 178 1966 manu
201 1913 273 1966 sunt
290 1915 372 1967 sate.
419 1903 502 1968 Tum
516 1903 724 1988 Lysandrum,
745 1903 919 1969 intuentem
943 1904 1007 1985 ejus

86 2024 257 2087 purpuram
272 2012 305 2067 et
318 2003 451 2067 nitorem
476 2004 610 2088 corporis
624 2013 829 2086 ornatumque
848 2002 1007 2068 Persicum

86 2099 187 2164 multo
202 2122 278 2164 auro
291 2101 459 2184 multisque
482 2103 620 2186 gemmis,
636 2102 759 2178 dixisse,
780 2103 869 2166 Recte
888 2101 955 2164 eerd
971 2113 1006 2175 te,

91 2202 181 2286 Cyre,
212 2203 328 2264 beatum
349 2203 469 2284 ferunt,
499 2206 639 2286 queniam
661 2207 771 2267 virtuti
798 2215 856 2267 tuce
876 2205 1008 2286 fortuna

87 2303 246 2384 conjuncta
258 2293 343 2392 est*
354 2303 405 2363 60.
429 2300 500 2365 Hac
514 2301 610 2386 igitur
623 2300 751 2366 fortuni
763 2301 825 2366 frui
840 2302 912 2366 licet
930 2301 1010 2366 seniu

86 2400 163 2466 bus:
180 2420 238 2464 nec
252 2408 325 2464 aetas
338 2399 467 2485 impedit
482 2400 544 2484 qud
554 2401 657 2466 minus
668 2412 699 2467 et
714 2413 884 2468 ceterarum
896 2425 1007 2477 renus,

87 2507 121 2564 et
143 2498 178 2562 in
193 2498 299 2582 primis
319 2498 385 2583 agri
407 2498 536 2576 colendi,
552 2501 654 2565 studia
668 2509 830 2574 teneamus
852 2523 950 2585 usque
971 2501 1010 2564 ad

87 2599 235 2665 ultimum
262 2608 385 2683 tempus
408 2601 584 2665 senectutis.
629 2601 676 2666 M.
699 2602 824 2686 quidem
849 2601 1010 2667 Valerium

89 2699 230 2768 Corvum
243 2699 417 2783 accepimus
432 2699 470 2762 ad
482 2700 683 2764 centesimum
694 2723 810 2765 annum
821 2701 1009 2786 perduxisse,

89 2822 189 2884 quum
209 2808 291 2865 esset
312 2799 381 2862 actd
398 2799 463 2882 jam
483 2809 574 2864 aetate
595 2800 629 2862 in
647 2800 738 2886 agris,
760 2822 872 2884 eosque
887 2799 1010 2865 coleret.

92 2898 193 2985 Cujus
216 2898 300 2962 inter
319 2897 455 2982 primum
479 2907 512 2962 et
534 2909 659 2963 sextum
688 2899 882 2964 consulatum
905 2921 958 2962 sex
981 2909 1012 2962 et

92 3000 297 3086 quadraginta
312 2999 384 3064 anni
399 2999 615 3065 interfuerunt
654 3000 706 3066 Ita
718 3010 868 3085 quantum
880 3000 1012 3086 spatium

91 3100 190 3164 aetatis
211 3101 341 3183 majores
363 3099 462 3164 nostri
480 3098 519 3163 ad
539 3100 707 3165 senectutis
725 3099 849 3164 initium
869 3122 934 3164 esse
959 3121 1014 3163 vc·

91 3201 228 3274 luerunt,
243 3209 350 3265 tantus
364 3201 410 3264 illi
425 3223 533 3265 cursus
550 3200 702 3266 honorum
716 3200 786 3266 fuit.
825 3199 935 3285 Atque
949 3200 1014 3282 ejus

92 3309 232 3365 extrema
248 3308 322 3363 atas
337 3299 397 3364 hec
418 3301 548 3377 beatior,
562 3301 656 3384 qudem
677 3301 788 3378 media,
804 3300 888 3384 qudd
909 3308 1016 3363 aucto-

90 3397 194 3464 ritatis
208 3397 278 3483 plus
292 3397 435 3476 habebat,
450 3400 564 3465 laboris
578 3401 652 3466 verd
669 3401 780 3466 minus.
804 3401 898 3486 Apex
912 3409 1017 3463 autem

93 3496 263 3566 senectutis
292 3509 340 3565 est
365 3500 540 3566 auctoritas.
594 3505 645 3566 61.
671 3500 799 3583 Quanta
827 3501 889 3567 fuit
913 3501 947 3566 in
976 3499 1015 3564 1.

522 3614 538 3650 c
554 3605 569 3650 2
