2258 3916
435 207 523 270 OAP.
543 209 601 270 111.
949 217 988 276 48

64 395 142 449 sirm,
157 395 247 439 nemo
262 371 344 439 certe
359 372 429 439 fuit.
477 373 538 441 Sed
559 398 623 438 non
645 397 721 460 egeo
741 374 914 442 medicinis
937 402 987 446 me

65 474 129 559 ipse
144 472 292 551 consolor,
311 485 344 538 et
359 474 493 540 maxime
506 474 560 540 illo
576 475 695 552 solatio,
718 476 801 560 qued
824 499 861 541 eo
883 500 987 546 errore

64 595 162 650 careo,
187 594 249 656 quo
273 573 440 637 amicorum
462 574 589 638 decessu
614 573 755 659 plerique
780 574 853 661 angi
876 576 985 643 solent.

65 669 153 734 Nihil
168 672 250 736 enim
264 671 338 735 mali
352 671 498 736 accidisse
512 671 648 756 Scipioni
660 683 755 757 puto;
772 673 848 735 mihi
862 675 986 754 accidit,

63 771 177 854 siquid
192 771 325 846 accidit3
342 771 405 835 suis
419 782 524 836 autem
538 772 739 837 incommodis
749 773 887 857 graviter
901 775 984 859 angi,

63 894 125 934 non
140 871 282 946 amicum,
298 870 352 934 sed
366 870 501 955 seipsum
516 872 648 936 amantis
664 882 720 937 est
769 877 818 936 11.
833 871 916 938 Cum
931 875 986 940 illo

62 970 135 1035 verb
160 971 230 1054 quis
255 981 350 1055 neget
371 980 477 1035 actum
500 993 567 1036 esse
589 972 758 1056 praeclare?
800 972 872 1036 Nisi
892 974 996 1051 enim,-

62 1073 146 1156 quod
175 1071 229 1136 ille
257 1070 384 1135 minimd
413 1071 556 1155 putabat,
585 1069 851 1137 immortalitatem
876 1066 1006 1157 optare}
1093 1078 1104 1103 ⁰

12 1245 14 1251 Ι
62 1170 166 1247 vellet,
191 1169 267 1283 quid
286 1164 409 1234 nonest
426 1169 567 1254 adeptus,
588 1169 673 1252 quod
694 1168 813 1233 homini
834 1168 881 1234 fas
904 1168 1059 1247 esset!

62 1270 190 1355 optare?
212 1269 267 1352 qui
289 1291 440 1333 summam
463 1291 549 1354 spem
564 1268 690 1343 civium,
707 1291 801 1352 quam
817 1270 855 1334 de
870 1292 907 1335 eo
917 1264 999 1355 jaml

60 1392 158 1454 puero
194 1369 377 1444 habuerant,
409 1368 558 1433 continud
595 1367 771 1432 adolescens
810 1358 997 1437 incredibili

61 1469 176 1534 virtute
199 1469 373 1554 superavit·
397 1468 452 1552 qui
473 1467 668 1533 consulatum
682 1468 796 1553 petivit
810 1492 983 1554 nunquam,

60 1567 161 1631 factus
181 1577 228 1631 est
246 1566 355 1631 consul
372 1567 438 1642 bis;
461 1567 598 1651 primdm
617 1578 690 1630 ante
712 1575 844 1651 tempus,
867 1569 984 1633 iterum

60 1667 118 1732 sibi
132 1689 187 1732 suo
202 1677 349 1752 tempore,
372 1667 548 1751 reipublieae
567 1666 655 1751 paene
670 1666 755 1731 seria:
780 1667 846 1750 qui,
862 1668 983 1734 duabus

59 1767 186 1832 urbibus
201 1767 314 1834 eversis
335 1767 554 1832 inimicissimis
568 1767 642 1832 huic
655 1765 795 1852 imperio,
811 1789 874 1832 non
889 1768 982 1833 modd

58 1869 220 1952 praesentia
241 1870 351 1934 venlm
373 1869 467 1933 etiam
491 1868 599 1934 futura
619 1868 703 1935 bella
723 1868 848 1934 delevit.
895 1870 982 1952 Quid

58 1969 157 2032 dicam
171 1969 210 2032 de
224 1969 362 2033 moribus
376 1968 552 2033 facillimis?
573 1968 612 2033 de
631 1968 748 2053 pietate
768 1969 803 2033 in
824 1973 981 2036 matrem?

57 2067 242 2133 liberalitate
263 2067 297 2130 in
316 2071 458 2133 sorores?
478 2068 620 2134 bonitate
639 2068 673 2131 in
694 2069 790 2132 suos?
808 2069 932 2153 justitie
946 2071 981 2136 in

56 2169 186 2254 omnes?
238 2167 324 2232 Nota
353 2176 427 2231 sunt
449 2167 546 2231 vobis.
596 2165 700 2248 Qudm
725 2176 832 2232 autem
859 2167 981 2233 civitati

56 2291 144 2334 carus
166 2269 273 2346 fuerit,
299 2290 427 2332 moerore
450 2267 569 2333 funeris
592 2267 764 2334 indicatum
788 2279 844 2334 est
892 2270 980 2353 Quid

55 2367 154 2452 igitur
176 2368 260 2432 hunc
284 2388 452 2452 paucorum
474 2388 625 2430 annorum
645 2367 777 2431 accessio
795 2371 907 2452 juvare
923 2391 979 2457 po·

55 2466 190 2531 tuisset?
236 2464 386 2532 Senectus
404 2465 497 2541 enim,
519 2464 661 2549 quamvis
675 2488 739 2530 non
754 2466 794 2531 sit
808 2468 923 2552 gravis,
940 2482 979 2537 ut

55 2567 181 2633 memini
216 2566 369 2634 Catonem
403 2588 485 2630 anno
523 2567 597 2631 ante
626 2567 720 2650 qudm
753 2578 895 2639 mortuus
929 2583 978 2638 est

55 2690 178 2733 mecum
192 2677 225 2733 et
239 2689 311 2758 cum
328 2666 472 2752 Scipione
487 2666 645 2744 disserere,
660 2676 767 2734 tamen
784 2669 886 2734 aufert
909 2693 978 2738 eam

55 2767 254 2843 viriditatem,
264 2767 298 2831 in
310 2767 372 2850 qud
383 2767 554 2832 etiamnum
568 2775 634 2832 erat
646 2765 758 2852 Scipio.
789 2773 839 2833 12.
856 2769 978 2852 Quam-

55 2868 161 2932 obrem
188 2868 254 2934 vita
296 2867 423 2949 quidem
459 2867 531 2931 talis
566 2866 630 2932 fuit
665 2867 717 2935 vel
764 2868 891 2934 fortund
926 2874 977 2940 vel

54 2965 162 3048 glorid,
188 2976 225 3031 ut
253 2965 332 3030 nihil
359 2975 464 3050 posset
492 2967 658 3044 accedere3
691 2967 842 3032 moriendi
870 2979 977 3040 autem

54 3088 179 3130 sensum
204 3066 344 3132 celeritas
372 3066 511 3131 abstulit.
534 3128 537 3135 ,
558 3065 632 3148 Quo
656 3066 698 3145 ¹de
726 3090 840 3153 genere
868 3073 977 3138 mortis
1093 3068 1112 3113 '⁹4

54 3165 178 3230 difficile
193 3165 280 3232 dictu
293 3176 357 3242 est;
383 3167 461 3250 quid
478 3166 618 3231 homines
632 3167 837 3252 suspicentur,
852 3170 977 3236 videtis.

55 3263 128 3328 Hoc
150 3273 257 3329 tamen
270 3265 344 3330 vere
365 3265 440 3330 licet
459 3265 570 3342 dicere,
589 3265 628 3330 P.
647 3265 786 3352 Scipioni
808 3290 848 3332 ex
869 3268 976 3334 multis

53 3364 172 3439 diebus,
208 3386 286 3448 quos
323 3365 357 3428 in
392 3365 459 3432 vitet
492 3365 705 3432 celeberrimos
740 3366 976 3452 laetissimosque

53 3462 176 3541 viderit,
191 3462 281 3529 illum
295 3464 376 3530 diem
391 3464 593 3532 clarissimum
607 3465 713 3544 fuisse,
734 3488 843 3552 quum,
864 3478 975 3535 senatu
