<?xml version="1.0" encoding="UTF-8"?>
<!DOCTYPE html PUBLIC "-//W3C//DTD XHTML 1.0 Transitional//EN"
    "http://www.w3.org/TR/xhtml1/DTD/xhtml1-transitional.dtd">
<html xmlns="http://www.w3.org/1999/xhtml" xml:lang="en" lang="en">
 <head>
  <title>
</title>
<meta http-equiv="Content-Type" content="text/html;charset=utf-8" />
  <meta name='ocr-system' content='tesseract 3.04.00' />
  <meta name='ocr-capabilities' content='ocr_page ocr_carea ocr_par ocr_line ocrx_word'/>
</head>
<body>
  <div class='ocr_page' id='page_1' title='image "./ciceroscatomajo00whitgoog_0020.png"; bbox 0 0 2258 3916; ppageno 0'>
   <div class='ocr_carea' id='block_1_1' title="bbox 456 199 1072 270">
    <p class='ocr_par' dir='ltr' id='par_1_1' title="bbox 456 199 1072 270">
     <span class='ocr_line' id='line_1_1' title="bbox 456 199 1072 270; baseline 0.002 -10"><span class='ocrx_word' id='word_1_1' title='bbox 456 254 462 270; x_wconf 16' lang='lat' dir='ltr'><strong>A.</strong></span> <span class='ocrx_word' id='word_1_2' title='bbox 488 199 577 260; x_wconf 84' lang='lat' dir='ltr'><strong>CAP.</strong></span> <span class='ocrx_word' id='word_1_3' title='bbox 598 199 636 258; x_wconf 89' lang='lat' dir='ltr'><strong>V.</strong></span> <span class='ocrx_word' id='word_1_4' title='bbox 1004 201 1022 261; x_wconf 79' lang='lat'><strong>7</strong></span> <span class='ocrx_word' id='word_1_5' title='bbox 1070 205 1072 209; x_wconf 74' lang='grc'>’</span> 
     </span>
    </p>
   </div>
   <div class='ocr_carea' id='block_1_2' title="bbox 97 346 1097 1868">
    <p class='ocr_par' dir='ltr' id='par_1_2' title="bbox 97 346 1097 1868">
     <span class='ocr_line' id='line_1_2' title="bbox 100 346 1097 450; baseline 0 -22"><span class='ocrx_word' id='word_1_6' title='bbox 100 363 240 450; x_wconf 90' lang='lat' dir='ltr'><strong>phosque</strong></span> <span class='ocrx_word' id='word_1_7' title='bbox 255 363 465 429; x_wconf 81' lang='lat' dir='ltr'><strong>recordentur.</strong></span> <span class='ocrx_word' id='word_1_8' title='bbox 510 364 571 428; x_wconf 81' lang='lat' dir='ltr'><strong>Est</strong></span> <span class='ocrx_word' id='word_1_9' title='bbox 582 363 675 428; x_wconf 91' lang='lat' dir='ltr'><strong>etiam</strong></span> <span class='ocrx_word' id='word_1_10' title='bbox 691 363 807 448; x_wconf 74' lang='lat' dir='ltr'><strong>quieti,</strong></span> <span class='ocrx_word' id='word_1_11' title='bbox 828 373 860 429; x_wconf 89' lang='lat' dir='ltr'><strong>et</strong></span> <span class='ocrx_word' id='word_1_12' title='bbox 880 363 965 449; x_wconf 69' lang='lat' dir='ltr'><strong>puro,</strong></span> <span class='ocrx_word' id='word_1_13' title='bbox 988 346 1030 428; x_wconf 61' lang='lat' dir='ltr'><strong>et⁸</strong></span> <span class='ocrx_word' id='word_1_14' title='bbox 1077 412 1097 443; x_wconf 35' lang='grc' dir='ltr'>χ</span> 
     </span>
     <span class='ocr_line' id='line_1_3' title="bbox 100 465 1018 551; baseline -0.001 -22"><span class='ocrx_word' id='word_1_15' title='bbox 100 465 259 551; x_wconf 68' lang='lat' dir='ltr'><strong>elegantir</strong></span> <span class='ocrx_word' id='word_1_16' title='bbox 288 477 364 531; x_wconf 86' lang='lat' dir='ltr'><strong>actas</strong></span> <span class='ocrx_word' id='word_1_17' title='bbox 393 467 492 531; x_wconf 80' lang='lat' dir='ltr'><strong>atatis</strong></span> <span class='ocrx_word' id='word_1_18' title='bbox 522 466 642 551; x_wconf 87' lang='lat' dir='ltr'><strong>placida</strong></span> <span class='ocrx_word' id='word_1_19' title='bbox 673 489 709 530; x_wconf 90' lang='lat' dir='ltr'><strong>ac</strong></span> <span class='ocrx_word' id='word_1_20' title='bbox 745 465 823 530; x_wconf 90' lang='lat' dir='ltr'><strong>lenis</strong></span> <span class='ocrx_word' id='word_1_21' title='bbox 859 475 1018 541; x_wconf 71' lang='lat' dir='ltr'><strong>senectuS,</strong></span> 
     </span>
     <span class='ocr_line' id='line_1_4' title="bbox 100 566 1020 652; baseline 0.001 -23"><span class='ocrx_word' id='word_1_22' title='bbox 100 566 222 650; x_wconf 90' lang='lat' dir='ltr'><strong>qualem</strong></span> <span class='ocrx_word' id='word_1_23' title='bbox 245 566 418 652; x_wconf 86' lang='lat' dir='ltr'><strong>accepimus</strong></span> <span class='ocrx_word' id='word_1_24' title='bbox 441 566 594 643; x_wconf 84' lang='lat' dir='ltr'>Platonis,</span> <span class='ocrx_word' id='word_1_25' title='bbox 618 566 672 649; x_wconf 90' lang='lat' dir='ltr'><strong>qui</strong></span> <span class='ocrx_word' id='word_1_26' title='bbox 695 589 757 628; x_wconf 91' lang='lat' dir='ltr'><strong>uno</strong></span> <span class='ocrx_word' id='word_1_27' title='bbox 781 577 813 630; x_wconf 90' lang='lat' dir='ltr'><strong>et</strong></span> <span class='ocrx_word' id='word_1_28' title='bbox 833 566 1020 650; x_wconf 89' lang='lat' dir='ltr'><strong>octogesimo</strong></span> 
     </span>
     <span class='ocr_line' id='line_1_5' title="bbox 99 656 1020 752; baseline 0.001 -21"><span class='ocrx_word' id='word_1_29' title='bbox 99 692 180 734; x_wconf 88' lang='lat' dir='ltr'><strong>anno</strong></span> <span class='ocrx_word' id='word_1_30' title='bbox 206 656 343 734; x_wconf 86' lang='lat' dir='ltr'><strong>scribens</strong></span> <span class='ocrx_word' id='word_1_31' title='bbox 368 680 509 733; x_wconf 88' lang='lat' dir='ltr'><strong>mortuus</strong></span> <span class='ocrx_word' id='word_1_32' title='bbox 532 680 599 744; x_wconf 84' lang='lat' dir='ltr'><strong>est3</strong></span> <span class='ocrx_word' id='word_1_33' title='bbox 632 668 757 751; x_wconf 88' lang='lat' dir='ltr'><strong>qualem</strong></span> <span class='ocrx_word' id='word_1_34' title='bbox 783 667 938 744; x_wconf 89' lang='lat' dir='ltr'><strong>Isocratis,</strong></span> <span class='ocrx_word' id='word_1_35' title='bbox 964 668 1020 752; x_wconf 91' lang='lat' dir='ltr'><strong>qui</strong></span> 
     </span>
     <span class='ocr_line' id='line_1_6' title="bbox 99 770 1020 854; baseline 0.002 -21"><span class='ocrx_word' id='word_1_36' title='bbox 99 793 170 834; x_wconf 86' lang='lat' dir='ltr'><strong>eum</strong></span> <span class='ocrx_word' id='word_1_37' title='bbox 185 771 308 846; x_wconf 89' lang='lat' dir='ltr'><strong>librum,</strong></span> <span class='ocrx_word' id='word_1_38' title='bbox 325 772 379 854; x_wconf 94' lang='lat' dir='ltr'><strong>qui</strong></span> <span class='ocrx_word' id='word_1_39' title='bbox 394 773 642 834; x_wconf 67' lang='lat' dir='ltr'><em>Panathenaicus</em></span> <span class='ocrx_word' id='word_1_40' title='bbox 656 770 844 846; x_wconf 85' lang='lat' dir='ltr'><strong>inscribitur,</strong></span> <span class='ocrx_word' id='word_1_41' title='bbox 861 780 973 852; x_wconf 89' lang='lat' dir='ltr'><strong>quarto</strong></span> <span class='ocrx_word' id='word_1_42' title='bbox 988 781 1020 835; x_wconf 86' lang='lat' dir='ltr'><strong>et</strong></span> 
     </span>
     <span class='ocr_line' id='line_1_7' title="bbox 99 871 1020 958; baseline -0.001 -22"><span class='ocrx_word' id='word_1_43' title='bbox 99 873 300 958; x_wconf 89' lang='lat' dir='ltr'><strong>nonagesimo</strong></span> <span class='ocrx_word' id='word_1_44' title='bbox 323 896 404 937; x_wconf 90' lang='lat' dir='ltr'><strong>anno</strong></span> <span class='ocrx_word' id='word_1_45' title='bbox 425 873 584 958; x_wconf 76' lang='lat' dir='ltr'><strong>scripsisse</strong></span> <span class='ocrx_word' id='word_1_46' title='bbox 604 895 636 936; x_wconf 89' lang='lat' dir='ltr'><strong>se</strong></span> <span class='ocrx_word' id='word_1_47' title='bbox 656 872 742 947; x_wconf 86' lang='lat' dir='ltr'><strong>dicit,</strong></span> <span class='ocrx_word' id='word_1_48' title='bbox 766 872 907 954; x_wconf 81' lang='lat' dir='ltr'><strong>vixitque</strong></span> <span class='ocrx_word' id='word_1_49' title='bbox 928 871 1020 955; x_wconf 91' lang='lat' dir='ltr'><strong>quin·</strong></span> 
     </span>
     <span class='ocr_line' id='line_1_8' title="bbox 100 971 1018 1061; baseline -0.003 -22"><span class='ocrx_word' id='word_1_50' title='bbox 100 975 273 1057; x_wconf 88' lang='lat' dir='ltr'><strong>quennium</strong></span> <span class='ocrx_word' id='word_1_51' title='bbox 285 977 405 1060; x_wconf 57' lang='lat' dir='ltr'><strong>postem</strong></span> <span class='ocrx_word' id='word_1_52' title='bbox 421 976 510 1058; x_wconf 87' lang='lat' dir='ltr'><strong>cujus</strong></span> <span class='ocrx_word' id='word_1_53' title='bbox 522 975 677 1061; x_wconf 84' lang='lat' dir='ltr'><strong>magister,</strong></span> <span class='ocrx_word' id='word_1_54' title='bbox 691 973 866 1038; x_wconf 87' lang='lat' dir='ltr'><strong>Leontinus</strong></span> <span class='ocrx_word' id='word_1_55' title='bbox 876 971 1018 1059; x_wconf 84' lang='lat' dir='ltr'><strong>Gorgias,</strong></span> 
     </span>
     <span class='ocr_line' id='line_1_9' title="bbox 98 1076 1020 1161; baseline -0.001 -22"><span class='ocrx_word' id='word_1_56' title='bbox 98 1089 227 1147; x_wconf 85' lang='lat' dir='ltr'><strong>centum</strong></span> <span class='ocrx_word' id='word_1_57' title='bbox 247 1088 279 1140; x_wconf 88' lang='lat' dir='ltr'><strong>ct</strong></span> <span class='ocrx_word' id='word_1_58' title='bbox 298 1087 417 1161; x_wconf 80' lang='lat' dir='ltr'><strong>septem</strong></span> <span class='ocrx_word' id='word_1_59' title='bbox 441 1076 607 1161; x_wconf 84' lang='lat' dir='ltr'><strong>complevit</strong></span> <span class='ocrx_word' id='word_1_60' title='bbox 629 1098 734 1151; x_wconf 87' lang='lat' dir='ltr'><strong>annos,</strong></span> <span class='ocrx_word' id='word_1_61' title='bbox 758 1097 860 1157; x_wconf 88' lang='lat' dir='ltr'><strong>neque</strong></span> <span class='ocrx_word' id='word_1_62' title='bbox 880 1098 1020 1157; x_wconf 89' lang='lat' dir='ltr'><strong>unquam</strong></span> 
     </span>
     <span class='ocr_line' id='line_1_10' title="bbox 99 1175 1020 1263; baseline 0.002 -25"><span class='ocrx_word' id='word_1_63' title='bbox 99 1176 132 1239; x_wconf 92' lang='lat' dir='ltr'><strong>in</strong></span> <span class='ocrx_word' id='word_1_64' title='bbox 147 1199 203 1240; x_wconf 93' lang='lat' dir='ltr'><strong>suo</strong></span> <span class='ocrx_word' id='word_1_65' title='bbox 217 1178 320 1242; x_wconf 90' lang='lat' dir='ltr'><strong>studio</strong></span> <span class='ocrx_word' id='word_1_66' title='bbox 335 1191 429 1261; x_wconf 89' lang='lat' dir='ltr'><strong>atque</strong></span> <span class='ocrx_word' id='word_1_67' title='bbox 445 1200 537 1263; x_wconf 89' lang='lat' dir='ltr'><strong>opere</strong></span> <span class='ocrx_word' id='word_1_68' title='bbox 552 1178 693 1242; x_wconf 88' lang='lat' dir='ltr'><strong>cessavit.</strong></span> <span class='ocrx_word' id='word_1_69' title='bbox 727 1175 801 1258; x_wconf 80' lang='lat' dir='ltr'><strong>Qui,</strong></span> <span class='ocrx_word' id='word_1_70' title='bbox 814 1199 913 1259; x_wconf 90' lang='lat' dir='ltr'><strong>quum</strong></span> <span class='ocrx_word' id='word_1_71' title='bbox 929 1199 967 1242; x_wconf 86' lang='lat' dir='ltr'><strong>ex</strong></span> <span class='ocrx_word' id='word_1_72' title='bbox 983 1199 1020 1241; x_wconf 93' lang='lat' dir='ltr'><strong>eo</strong></span> 
     </span>
     <span class='ocr_line' id='line_1_11' title="bbox 99 1278 1022 1361; baseline 0 -21"><span class='ocrx_word' id='word_1_73' title='bbox 99 1289 298 1361; x_wconf 75' lang='lat' dir='ltr'><strong>quaereretur,</strong></span> <span class='ocrx_word' id='word_1_74' title='bbox 320 1303 377 1345; x_wconf 89' lang='lat' dir='ltr'><strong>cur</strong></span> <span class='ocrx_word' id='word_1_75' title='bbox 400 1280 519 1345; x_wconf 92' lang='lat' dir='ltr'><strong>tamdiu</strong></span> <span class='ocrx_word' id='word_1_76' title='bbox 543 1280 636 1344; x_wconf 86' lang='lat' dir='ltr'><strong>vellet</strong></span> <span class='ocrx_word' id='word_1_77' title='bbox 658 1301 723 1344; x_wconf 89' lang='lat' dir='ltr'><strong>esse</strong></span> <span class='ocrx_word' id='word_1_78' title='bbox 744 1281 777 1342; x_wconf 91' lang='lat' dir='ltr'><strong>in</strong></span> <span class='ocrx_word' id='word_1_79' title='bbox 799 1278 885 1355; x_wconf 58' lang='lat' dir='ltr'><strong>vitiu</strong></span> <span class='ocrx_word' id='word_1_80' title='bbox 930 1279 1022 1342; x_wconf 73' lang='lat' dir='ltr'><strong>Nihil</strong></span> 
     </span>
     <span class='ocr_line' id='line_1_12' title="bbox 98 1379 1020 1468; baseline 0.004 -27"><span class='ocrx_word' id='word_1_81' title='bbox 98 1380 199 1457; x_wconf 76' lang='lat' dir='ltr'><strong>habeo,</strong></span> <span class='ocrx_word' id='word_1_82' title='bbox 224 1379 338 1465; x_wconf 86' lang='lat' dir='ltr'><strong>inquit,</strong></span> <span class='ocrx_word' id='word_1_83' title='bbox 368 1385 450 1468; x_wconf 86' lang='lat' dir='ltr'><strong>quod</strong></span> <span class='ocrx_word' id='word_1_84' title='bbox 474 1387 604 1445; x_wconf 83' lang='lat' dir='ltr'><strong>incusem</strong></span> <span class='ocrx_word' id='word_1_85' title='bbox 630 1379 813 1446; x_wconf 76' lang='lat' dir='ltr'><strong>senectutem.</strong></span> <span class='ocrx_word' id='word_1_86' title='bbox 862 1387 909 1446; x_wconf 87' lang='lat'><strong>14.</strong></span> <span class='ocrx_word' id='word_1_87' title='bbox 933 1382 1020 1447; x_wconf 88' lang='lat' dir='ltr'><strong>Prae·</strong></span> 
     </span>
     <span class='ocr_line' id='line_1_13' title="bbox 98 1481 1020 1570; baseline 0.002 -23"><span class='ocrx_word' id='word_1_88' title='bbox 98 1481 215 1547; x_wconf 90' lang='lat' dir='ltr'><strong>clarum</strong></span> <span class='ocrx_word' id='word_1_89' title='bbox 237 1507 427 1569; x_wconf 90' lang='lat' dir='ltr'><strong>responsum,</strong></span> <span class='ocrx_word' id='word_1_90' title='bbox 449 1496 481 1549; x_wconf 92' lang='lat' dir='ltr'><strong>et</strong></span> <span class='ocrx_word' id='word_1_91' title='bbox 503 1484 594 1548; x_wconf 89' lang='lat' dir='ltr'><strong>docto</strong></span> <span class='ocrx_word' id='word_1_92' title='bbox 614 1483 738 1549; x_wconf 91' lang='lat' dir='ltr'><strong>homine</strong></span> <span class='ocrx_word' id='word_1_93' title='bbox 758 1484 907 1570; x_wconf 73' lang='lat' dir='ltr'><strong>dignum!</strong></span> <span class='ocrx_word' id='word_1_94' title='bbox 954 1485 1020 1551; x_wconf 85' lang='lat' dir='ltr'><strong>Sua</strong></span> 
     </span>
     <span class='ocr_line' id='line_1_14' title="bbox 98 1585 1020 1672; baseline 0.003 -25"><span class='ocrx_word' id='word_1_95' title='bbox 98 1585 181 1651; x_wconf 83' lang='lat' dir='ltr'><strong>enim</strong></span> <span class='ocrx_word' id='word_1_96' title='bbox 197 1585 274 1650; x_wconf 88' lang='lat' dir='ltr'><strong>vitia</strong></span> <span class='ocrx_word' id='word_1_97' title='bbox 294 1587 475 1672; x_wconf 83' lang='lat' dir='ltr'><strong>insipientes</strong></span> <span class='ocrx_word' id='word_1_98' title='bbox 493 1597 526 1651; x_wconf 89' lang='lat' dir='ltr'><strong>ct</strong></span> <span class='ocrx_word' id='word_1_99' title='bbox 540 1609 626 1650; x_wconf 89' lang='lat' dir='ltr'><strong>suam</strong></span> <span class='ocrx_word' id='word_1_100' title='bbox 641 1586 763 1671; x_wconf 91' lang='lat' dir='ltr'><strong>culpam</strong></span> <span class='ocrx_word' id='word_1_101' title='bbox 778 1586 812 1648; x_wconf 92' lang='lat' dir='ltr'><strong>in</strong></span> <span class='ocrx_word' id='word_1_102' title='bbox 827 1598 1020 1651; x_wconf 89' lang='lat' dir='ltr'><strong>senectutem</strong></span> 
     </span>
     <span class='ocr_line' id='line_1_15' title="bbox 97 1686 1019 1772; baseline 0.001 -21"><span class='ocrx_word' id='word_1_103' title='bbox 97 1686 281 1753; x_wconf 81' lang='lat' dir='ltr'><strong>conserunt:</strong></span> <span class='ocrx_word' id='word_1_104' title='bbox 306 1690 391 1772; x_wconf 88' lang='lat' dir='ltr'><strong>quod</strong></span> <span class='ocrx_word' id='word_1_105' title='bbox 410 1712 474 1753; x_wconf 91' lang='lat' dir='ltr'><strong>non</strong></span> <span class='ocrx_word' id='word_1_106' title='bbox 495 1688 629 1754; x_wconf 78' lang='lat' dir='ltr'><strong>faciebat</strong></span> <span class='ocrx_word' id='word_1_107' title='bbox 649 1687 686 1765; x_wconf 90' lang='lat' dir='ltr'><strong>is,</strong></span> <span class='ocrx_word' id='word_1_108' title='bbox 709 1689 798 1772; x_wconf 88' lang='lat' dir='ltr'><strong>cujus</strong></span> <span class='ocrx_word' id='word_1_109' title='bbox 819 1689 910 1754; x_wconf 79' lang='lat' dir='ltr'><strong>modo</strong></span> <span class='ocrx_word' id='word_1_110' title='bbox 933 1711 1019 1754; x_wconf 89' lang='lat' dir='ltr'><strong>men·</strong></span> 
     </span>
     <span class='ocr_line' id='line_1_16' title="bbox 97 1788 450 1868; baseline 0.003 -13"><span class='ocrx_word' id='word_1_111' title='bbox 97 1788 214 1855; x_wconf 86' lang='lat' dir='ltr'><strong>tionem</strong></span> <span class='ocrx_word' id='word_1_112' title='bbox 229 1790 299 1867; x_wconf 90' lang='lat' dir='ltr'><strong>feci,</strong></span> <span class='ocrx_word' id='word_1_113' title='bbox 316 1792 450 1868; x_wconf 78' lang='lat' dir='ltr'><strong>Ennirrs,</strong></span> 
     </span>
    </p>
   </div>
   <div class='ocr_carea' id='block_1_3' title="bbox 187 1921 944 2109">
    <p class='ocr_par' dir='ltr' id='par_1_3' title="bbox 187 1907 944 2109">
     <span class='ocr_line' id='line_1_17' title="bbox 187 1921 918 2007; baseline 0.003 -23"><span class='ocrx_word' id='word_1_114' title='bbox 187 1921 377 2003; x_wconf 80' lang='lat' dir='ltr'><strong>Sicatfortis</strong></span> <span class='ocrx_word' id='word_1_115' title='bbox 391 1943 494 2006; x_wconf 81' lang='lat' dir='ltr'><strong>equus,</strong></span> <span class='ocrx_word' id='word_1_116' title='bbox 510 1925 609 2005; x_wconf 83' lang='lat' dir='ltr'><strong>spatio</strong></span> <span class='ocrx_word' id='word_1_117' title='bbox 623 1925 678 2006; x_wconf 86' lang='lat' dir='ltr'><strong>qai</strong></span> <span class='ocrx_word' id='word_1_118' title='bbox 691 1921 766 2006; x_wconf 80' lang='lat' dir='ltr'><strong>sapi</strong></span> <span class='ocrx_word' id='word_1_119' title='bbox 781 1945 918 2007; x_wconf 82' lang='lat' dir='ltr'><strong>supremo</strong></span> 
     </span>
     <span class='ocr_line' id='line_1_18' title="bbox 191 2023 944 2109; baseline 0.001 -23"><span class='ocrx_word' id='word_1_120' title='bbox 191 2023 271 2086; x_wconf 80' lang='lat' dir='ltr'><strong>Vicit</strong></span> <span class='ocrx_word' id='word_1_121' title='bbox 292 2025 445 2108; x_wconf 77' lang='lat' dir='ltr'><strong>Olympia,</strong></span> <span class='ocrx_word' id='word_1_122' title='bbox 462 2046 541 2087; x_wconf 82' lang='lat' dir='ltr'><strong>auae</strong></span> <span class='ocrx_word' id='word_1_123' title='bbox 552 2026 632 2086; x_wconf 82' lang='lat' dir='ltr'><strong>senio</strong></span> <span class='ocrx_word' id='word_1_124' title='bbox 647 2025 798 2105; x_wconf 61' lang='lat' dir='ltr'><strong>suffectus</strong></span> <span class='ocrx_word' id='word_1_125' title='bbox 812 2028 944 2109; x_wconf 79' lang='lat' dir='ltr'><strong>quiescit.</strong></span> 
     </span>
    </p>
   </div>
   <div class='ocr_carea' id='block_1_4' title="bbox 94 2166 1019 3466">
    <p class='ocr_par' dir='ltr' id='par_1_4' title="bbox 94 2166 1019 3251">
     <span class='ocr_line' id='line_1_19' title="bbox 100 2166 1016 2254; baseline 0.005 -25"><span class='ocrx_word' id='word_1_126' title='bbox 100 2166 188 2251; x_wconf 80' lang='lat' dir='ltr'><strong>Equi</strong></span> <span class='ocrx_word' id='word_1_127' title='bbox 211 2167 301 2231; x_wconf 83' lang='lat' dir='ltr'><strong>fortis</strong></span> <span class='ocrx_word' id='word_1_128' title='bbox 327 2177 359 2232; x_wconf 89' lang='lat' dir='ltr'><strong>et</strong></span> <span class='ocrx_word' id='word_1_129' title='bbox 388 2168 514 2232; x_wconf 88' lang='lat' dir='ltr'><strong>victoris</strong></span> <span class='ocrx_word' id='word_1_130' title='bbox 543 2167 696 2231; x_wconf 87' lang='lat' dir='ltr'><strong>senectuti</strong></span> <span class='ocrx_word' id='word_1_131' title='bbox 725 2183 881 2254; x_wconf 89' lang='lat' dir='ltr'><strong>comparat</strong></span> <span class='ocrx_word' id='word_1_132' title='bbox 910 2193 1016 2234; x_wconf 80' lang='lat' dir='ltr'><strong>suam:</strong></span> 
     </span>
     <span class='ocr_line' id='line_1_20' title="bbox 98 2269 1018 2359; baseline 0.005 -27"><span class='ocrx_word' id='word_1_133' title='bbox 98 2277 193 2354; x_wconf 83' lang='lat' dir='ltr'><strong>quain</strong></span> <span class='ocrx_word' id='word_1_134' title='bbox 209 2269 335 2353; x_wconf 89' lang='lat' dir='ltr'><strong>quidem</strong></span> <span class='ocrx_word' id='word_1_135' title='bbox 350 2270 446 2354; x_wconf 72' lang='lat' dir='ltr'><strong>probi</strong></span> <span class='ocrx_word' id='word_1_136' title='bbox 461 2269 635 2359; x_wconf 88' lang='lat' dir='ltr'><strong>meminisse</strong></span> <span class='ocrx_word' id='word_1_137' title='bbox 650 2272 789 2355; x_wconf 84' lang='lat' dir='ltr'><strong>potestis.</strong></span> <span class='ocrx_word' id='word_1_138' title='bbox 823 2271 920 2336; x_wconf 87' lang='lat' dir='ltr'><strong>Auno</strong></span> <span class='ocrx_word' id='word_1_139' title='bbox 935 2274 1018 2337; x_wconf 90' lang='lat' dir='ltr'><strong>enim</strong></span> 
     </span>
     <span class='ocr_line' id='line_1_21' title="bbox 97 2373 1019 2459; baseline 0 -20"><span class='ocrx_word' id='word_1_140' title='bbox 97 2373 325 2439; x_wconf 86' lang='lat' dir='ltr'><strong>undevicesimo</strong></span> <span class='ocrx_word' id='word_1_141' title='bbox 341 2383 411 2459; x_wconf 82' lang='lat' dir='ltr'><strong>post</strong></span> <span class='ocrx_word' id='word_1_142' title='bbox 426 2374 492 2456; x_wconf 86' lang='lat' dir='ltr'><strong>ejus</strong></span> <span class='ocrx_word' id='word_1_143' title='bbox 506 2384 647 2448; x_wconf 90' lang='lat' dir='ltr'><strong>mortem,</strong></span> <span class='ocrx_word' id='word_1_144' title='bbox 668 2373 701 2436; x_wconf 93' lang='lat' dir='ltr'><strong>hi</strong></span> <span class='ocrx_word' id='word_1_145' title='bbox 723 2374 873 2448; x_wconf 87' lang='lat' dir='ltr'><strong>consules,</strong></span> <span class='ocrx_word' id='word_1_146' title='bbox 890 2373 927 2438; x_wconf 85' lang='grc' dir='ltr'><strong>Τ.</strong></span> <span class='ocrx_word' id='word_1_147' title='bbox 944 2374 1019 2439; x_wconf 84' lang='lat' dir='ltr'><strong>Fla-</strong></span> 
     </span>
     <span class='ocr_line' id='line_1_22' title="bbox 95 2473 1019 2559; baseline 0.008 -22"><span class='ocrx_word' id='word_1_148' title='bbox 95 2475 231 2539; x_wconf 88' lang='lat' dir='ltr'><strong>mininus</strong></span> <span class='ocrx_word' id='word_1_149' title='bbox 245 2486 286 2540; x_wconf 84' lang='lat' dir='ltr'><strong>et</strong></span> <span class='ocrx_word' id='word_1_150' title='bbox 312 2474 367 2539; x_wconf 92' lang='lat' dir='ltr'><strong>M’.</strong></span> <span class='ocrx_word' id='word_1_151' title='bbox 381 2473 513 2551; x_wconf 82' lang='lat' dir='ltr'><strong>Acilius,</strong></span> <span class='ocrx_word' id='word_1_152' title='bbox 540 2475 615 2539; x_wconf 87' lang='lat' dir='ltr'><strong>facti</strong></span> <span class='ocrx_word' id='word_1_153' title='bbox 635 2486 725 2551; x_wconf 82' lang='lat' dir='ltr'><strong>sunt3</strong></span> <span class='ocrx_word' id='word_1_154' title='bbox 748 2475 799 2538; x_wconf 88' lang='lat' dir='ltr'><strong>ille</strong></span> <span class='ocrx_word' id='word_1_155' title='bbox 819 2487 932 2552; x_wconf 85' lang='lat' dir='ltr'><strong>autem,</strong></span> <span class='ocrx_word' id='word_1_156' title='bbox 950 2475 1019 2559; x_wconf 81' lang='lat' dir='ltr'><strong>Cae·</strong></span> 
     </span>
     <span class='ocr_line' id='line_1_23' title="bbox 95 2575 1016 2662; baseline 0.004 -23"><span class='ocrx_word' id='word_1_157' title='bbox 95 2575 187 2661; x_wconf 88' lang='lat' dir='ltr'><strong>pioue</strong></span> <span class='ocrx_word' id='word_1_158' title='bbox 209 2588 241 2642; x_wconf 90' lang='lat' dir='ltr'><strong>et</strong></span> <span class='ocrx_word' id='word_1_159' title='bbox 262 2576 409 2662; x_wconf 87' lang='lat' dir='ltr'><strong>Philippu</strong></span> <span class='ocrx_word' id='word_1_160' title='bbox 432 2577 547 2642; x_wconf 73' lang='lat' dir='ltr'><strong>iterum</strong></span> <span class='ocrx_word' id='word_1_161' title='bbox 573 2577 759 2654; x_wconf 90' lang='lat' dir='ltr'><strong>consulibus,</strong></span> <span class='ocrx_word' id='word_1_162' title='bbox 786 2590 928 2643; x_wconf 89' lang='lat' dir='ltr'><strong>mortuus</strong></span> <span class='ocrx_word' id='word_1_163' title='bbox 951 2593 1016 2644; x_wconf 67' lang='lat' dir='ltr'><strong>estc</strong></span> 
     </span>
     <span class='ocr_line' id='line_1_24' title="bbox 96 2678 1017 2768; baseline 0.005 -28"><span class='ocrx_word' id='word_1_164' title='bbox 96 2698 194 2759; x_wconf 89' lang='lat' dir='ltr'><strong>quum</strong></span> <span class='ocrx_word' id='word_1_165' title='bbox 210 2701 268 2768; x_wconf 87' lang='lat' dir='ltr'><strong>ego</strong></span> <span class='ocrx_word' id='word_1_166' title='bbox 284 2679 410 2762; x_wconf 90' lang='lat' dir='ltr'><strong>quidem</strong></span> <span class='ocrx_word' id='word_1_167' title='bbox 426 2678 567 2762; x_wconf 90' lang='lat' dir='ltr'><strong>quinque</strong></span> <span class='ocrx_word' id='word_1_168' title='bbox 582 2690 613 2741; x_wconf 89' lang='lat' dir='ltr'><strong>et</strong></span> <span class='ocrx_word' id='word_1_169' title='bbox 629 2678 790 2762; x_wconf 81' lang='lat' dir='ltr'><strong>sexaginta</strong></span> <span class='ocrx_word' id='word_1_170' title='bbox 804 2702 900 2743; x_wconf 88' lang='lat' dir='ltr'><strong>annos</strong></span> <span class='ocrx_word' id='word_1_171' title='bbox 915 2692 1017 2757; x_wconf 85' lang='lat' dir='ltr'><strong>natus,</strong></span> 
     </span>
     <span class='ocr_line' id='line_1_25' title="bbox 94 2778 1018 2864; baseline 0.004 -22"><span class='ocrx_word' id='word_1_172' title='bbox 94 2779 195 2864; x_wconf 86' lang='lat' dir='ltr'><strong>legem</strong></span> <span class='ocrx_word' id='word_1_173' title='bbox 222 2778 396 2844; x_wconf 85' lang='lat' dir='ltr'><strong>Voconiam</strong></span> <span class='ocrx_word' id='word_1_174' title='bbox 424 2801 500 2843; x_wconf 90' lang='lat' dir='ltr'><strong>voce</strong></span> <span class='ocrx_word' id='word_1_175' title='bbox 526 2779 639 2863; x_wconf 73' lang='lat' dir='ltr'><strong>magni</strong></span> <span class='ocrx_word' id='word_1_176' title='bbox 675 2790 707 2842; x_wconf 89' lang='lat' dir='ltr'><strong>et</strong></span> <span class='ocrx_word' id='word_1_177' title='bbox 744 2780 832 2844; x_wconf 91' lang='lat' dir='ltr'><strong>bonis</strong></span> <span class='ocrx_word' id='word_1_178' title='bbox 868 2781 1018 2846; x_wconf 86' lang='lat' dir='ltr'><strong>lateribus</strong></span> 
     </span>
     <span class='ocr_line' id='line_1_26' title="bbox 95 2879 1018 2964; baseline 0.001 -20"><span class='ocrx_word' id='word_1_179' title='bbox 95 2879 265 2944; x_wconf 85' lang='lat' dir='ltr'><strong>suasissem.</strong></span> <span class='ocrx_word' id='word_1_180' title='bbox 327 2880 440 2943; x_wconf 86' lang='lat' dir='ltr'><strong>Annos</strong></span> <span class='ocrx_word' id='word_1_181' title='bbox 470 2880 669 2964; x_wconf 87' lang='lat' dir='ltr'><strong>septuaginta</strong></span> <span class='ocrx_word' id='word_1_182' title='bbox 697 2891 789 2944; x_wconf 90' lang='lat' dir='ltr'><strong>natus</strong></span> <span class='ocrx_word' id='word_1_183' title='bbox 803 2894 905 2948; x_wconf 92' lang='lat' dir='ltr'><strong>-tot</strong></span> <span class='ocrx_word' id='word_1_184' title='bbox 935 2883 1018 2948; x_wconf 91' lang='lat' dir='ltr'><strong>enim</strong></span> 
     </span>
     <span class='ocr_line' id='line_1_27' title="bbox 94 2981 1018 3069; baseline 0.005 -23"><span class='ocrx_word' id='word_1_185' title='bbox 94 2981 173 3046; x_wconf 84' lang='lat' dir='ltr'><strong>vixit</strong></span> <span class='ocrx_word' id='word_1_186' title='bbox 186 2981 410 3047; x_wconf 87' lang='lat' dir='ltr'><strong>Ennius-ita</strong></span> <span class='ocrx_word' id='word_1_187' title='bbox 420 2981 538 3047; x_wconf 86' lang='lat' dir='ltr'><strong>ferebat</strong></span> <span class='ocrx_word' id='word_1_188' title='bbox 553 2982 625 3058; x_wconf 90' lang='lat' dir='ltr'><strong>duo,</strong></span> <span class='ocrx_word' id='word_1_189' title='bbox 638 3005 706 3066; x_wconf 86' lang='lat' dir='ltr'><strong>quae</strong></span> <span class='ocrx_word' id='word_1_190' title='bbox 718 2984 852 3048; x_wconf 86' lang='lat' dir='ltr'><strong>maxima</strong></span> <span class='ocrx_word' id='word_1_191' title='bbox 867 2995 1018 3069; x_wconf 89' lang='lat' dir='ltr'><strong>putantur</strong></span> 
     </span>
     <span class='ocr_line' id='line_1_28' title="bbox 95 3087 1017 3172; baseline 0.009 -26"><span class='ocrx_word' id='word_1_192' title='bbox 95 3105 198 3160; x_wconf 87' lang='lat' dir='ltr'><strong>onera,</strong></span> <span class='ocrx_word' id='word_1_193' title='bbox 221 3095 438 3169; x_wconf 90' lang='lat' dir='ltr'><strong>paupertatem</strong></span> <span class='ocrx_word' id='word_1_194' title='bbox 459 3095 491 3150; x_wconf 90' lang='lat' dir='ltr'><strong>et</strong></span> <span class='ocrx_word' id='word_1_195' title='bbox 513 3097 715 3164; x_wconf 87' lang='lat' dir='ltr'><strong>senectutem,</strong></span> <span class='ocrx_word' id='word_1_196' title='bbox 737 3097 773 3150; x_wconf 91' lang='lat' dir='ltr'><strong>ut</strong></span> <span class='ocrx_word' id='word_1_197' title='bbox 796 3087 840 3152; x_wconf 90' lang='lat' dir='ltr'><strong>eis</strong></span> <span class='ocrx_word' id='word_1_198' title='bbox 861 3089 948 3172; x_wconf 70' lang='lat' dir='ltr'><strong>paeni</strong></span> <span class='ocrx_word' id='word_1_199' title='bbox 964 3089 1017 3154; x_wconf 89' lang='lat' dir='ltr'><strong>de·</strong></span> 
     </span>
     <span class='ocr_line' id='line_1_29' title="bbox 95 3184 385 3251; baseline 0.01 -3"><span class='ocrx_word' id='word_1_200' title='bbox 95 3184 203 3248; x_wconf 87' lang='lat' dir='ltr'><strong>lectari</strong></span> <span class='ocrx_word' id='word_1_201' title='bbox 217 3185 385 3251; x_wconf 81' lang='lat' dir='ltr'><strong>videretur.</strong></span> 
     </span>
    </p>

    <p class='ocr_par' dir='ltr' id='par_1_5' title="bbox 95 3285 1017 3466">
     <span class='ocr_line' id='line_1_30' title="bbox 142 3285 1017 3376; baseline 0.009 -27"><span class='ocrx_word' id='word_1_202' title='bbox 142 3291 190 3350; x_wconf 87' lang='lat'><strong>15.</strong></span> <span class='ocrx_word' id='word_1_203' title='bbox 213 3287 350 3364; x_wconf 82' lang='lat' dir='ltr'><strong>Etenim,</strong></span> <span class='ocrx_word' id='word_1_204' title='bbox 364 3310 460 3371; x_wconf 92' lang='lat' dir='ltr'><strong>quum</strong></span> <span class='ocrx_word' id='word_1_205' title='bbox 473 3285 666 3375; x_wconf 81' lang='lat' dir='ltr'><strong>contemplor</strong></span> <span class='ocrx_word' id='word_1_206' title='bbox 677 3291 789 3367; x_wconf 87' lang='lat' dir='ltr'><strong>animo,</strong></span> <span class='ocrx_word' id='word_1_207' title='bbox 805 3292 924 3376; x_wconf 89' lang='lat' dir='ltr'><strong>reperio</strong></span> <span class='ocrx_word' id='word_1_208' title='bbox 940 3315 1017 3376; x_wconf 90' lang='lat' dir='ltr'><strong>qua-</strong></span> 
     </span>
     <span class='ocr_line' id='line_1_31' title="bbox 95 3392 1017 3466; baseline 0.008 -14"><span class='ocrx_word' id='word_1_209' title='bbox 95 3397 167 3452; x_wconf 88' lang='lat' dir='ltr'><strong>tuor</strong></span> <span class='ocrx_word' id='word_1_210' title='bbox 192 3409 308 3466; x_wconf 89' lang='lat' dir='ltr'><strong>causas,</strong></span> <span class='ocrx_word' id='word_1_211' title='bbox 339 3413 395 3455; x_wconf 89' lang='lat' dir='ltr'><strong>cur</strong></span> <span class='ocrx_word' id='word_1_212' title='bbox 424 3400 566 3455; x_wconf 86' lang='lat' dir='ltr'><strong>senectus</strong></span> <span class='ocrx_word' id='word_1_213' title='bbox 596 3392 706 3456; x_wconf 88' lang='lat' dir='ltr'><strong>misera</strong></span> <span class='ocrx_word' id='word_1_214' title='bbox 735 3393 897 3459; x_wconf 87' lang='lat' dir='ltr'><strong>videatur:</strong></span> <span class='ocrx_word' id='word_1_215' title='bbox 922 3419 1017 3460; x_wconf 88' lang='lat' dir='ltr'><strong>unam</strong></span> 
     </span>
    </p>
   </div>
   <div class='ocr_carea' id='block_1_5' title="bbox 93 3487 1016 3642">
    <p class='ocr_par' dir='ltr' id='par_1_6' title="bbox 93 3487 1016 3642">
     <span class='ocr_line' id='line_1_32' title="bbox 93 3487 1016 3583; baseline 0.009 -30"><span class='ocrx_word' id='word_1_216' title='bbox 93 3487 177 3574; x_wconf 77' lang='lat' dir='ltr'><strong>quod</strong></span> <span class='ocrx_word' id='word_1_217' title='bbox 193 3501 302 3555; x_wconf 87' lang='lat' dir='ltr'><strong>avocet</strong></span> <span class='ocrx_word' id='word_1_218' title='bbox 316 3491 335 3555; x_wconf 76' lang='grc' dir='ltr'>ὲ</span> <span class='ocrx_word' id='word_1_219' title='bbox 349 3489 442 3556; x_wconf 88' lang='lat' dir='ltr'><strong>rebus</strong></span> <span class='ocrx_word' id='word_1_220' title='bbox 458 3492 600 3577; x_wconf 83' lang='lat' dir='ltr'><strong>gerendis</strong></span> <span class='ocrx_word' id='word_1_221' title='bbox 609 3517 618 3570; x_wconf 91' lang='lat'>;</span> <span class='ocrx_word' id='word_1_222' title='bbox 643 3493 780 3572; x_wconf 87' lang='lat' dir='ltr'><strong>alteram,</strong></span> <span class='ocrx_word' id='word_1_223' title='bbox 802 3496 886 3580; x_wconf 77' lang='lat' dir='ltr'><strong>quod</strong></span> <span class='ocrx_word' id='word_1_224' title='bbox 906 3519 1016 3583; x_wconf 89' lang='lat' dir='ltr'><strong>corpus</strong></span> 
     </span>
     <span class='ocr_line' id='line_1_33' title="bbox 532 3599 579 3642; baseline 0 0"><span class='ocrx_word' id='word_1_225' title='bbox 532 3605 549 3642; x_wconf 77' lang='lat' dir='ltr'><strong>s</strong></span> <span class='ocrx_word' id='word_1_226' title='bbox 564 3599 579 3642; x_wconf 76' lang='lat' dir='ltr'><strong>s</strong></span> 
     </span>
    </p>
   </div>
   <div class='ocr_carea' id='block_1_6' title="bbox 0 0 1134 3916">
    <p class='ocr_par' dir='ltr' id='par_1_7' title="bbox 0 0 1134 3916">
     <span class='ocr_line' id='line_1_34' title="bbox 0 0 1134 3916; baseline 0 1"><span class='ocrx_word' id='word_1_227' title='bbox 0 0 1134 3916; x_wconf 95' lang='lat' dir='ltr'><strong> </strong></span> 
     </span>
    </p>
   </div>
  </div>
 </body>
</html>
