2258 3916
99 219 136 277 36
417 212 529 275 CATO
548 213 700 275 Meton.

97 383 250 464 insipienti
263 401 385 463 corpore
399 385 539 444 evasisset
547 404 560 455 ‚·
582 381 635 442 sed
647 401 739 464 quum
751 382 832 442 omni
841 380 1032 446 admixtione

97 482 229 563 eorporis
252 481 394 542 liberatus
410 503 512 563 purus
533 492 563 543 et
582 483 695 564 inteper
715 501 776 542 esse
797 482 941 564 rupisset,
958 492 1028 547 tum

96 602 156 641 esse
179 581 348 662 sapientem.
392 579 493 662 Atque
517 582 616 653 etiam,
640 599 731 663 quum
756 579 882 642 leoninis
906 591 1027 644 notura

95 689 187 741 morte
201 678 382 752 dissolvitur,
398 672 563 741 ceterorum
578 701 678 740 rerum
688 680 882 761 perspicuum
903 679 1027 764 estosed

95 800 217 861 qumque
231 778 405 840 discedunt:
428 779 538 840 obeunt
549 780 624 840 enim
641 778 713 838 illue
733 780 841 853 omnio,
858 779 936 839 unde
951 789 1024 842 orta

94 889 165 941 sunt
173 902 186 953 ;
209 881 327 940 animus
342 887 440 939 autem
456 878 545 952 solus,
561 900 613 939 nee
628 898 721 961 quum
743 878 835 952 adest,
851 900 903 940 neo
925 901 1023 962 quum

94 980 226 1054 discedit,
254 988 390 1062 opponet.
435 979 510 1040 Jom
531 975 599 1040 vero
620 979 725 1039 videtis
745 979 823 1040 nilsil
842 999 903 1040 esse
927 983 1026 1042 morti

92 1089 156 1141 tam
171 1079 273 1153 simile,
290 1077 381 1162 quirm
396 1094 539 1142 somnum.
582 1078 682 1161 Atqui
699 1067 907 1140 dormientium
921 1081 1024 1147 animi

92 1175 219 1239 monium*
247 1177 404 1239 declarant
431 1178 616 1239 divinitatem
651 1197 761 1238 suam:
794 1177 890 1239 multa
926 1180 1019 1253 euim,

92 1302 183 1364 quum
206 1280 323 1340 remissi
340 1287 369 1339 et
390 1278 476 1339 liberi
496 1287 575 1352 suut,
589 1278 707 1359 futuro
717 1280 915 1361 prospiciunt.
962 1279 1022 1343 En-

92 1402 149 1463 quo
164 1378 350 1460 intellipitur,
366 1377 469 1459 quoles
474 1378 584 1459 futuri
596 1379 666 1452 sint,
682 1398 775 1463 quum
797 1399 827 1438 se
838 1375 928 1460 ploni
950 1400 1020 1440 eor·

87 1480 174 1563 poris
199 1475 325 1538 vinculis
349 1475 559 1538 relevaverint.
609 1473 712 1551 Queri
735 1476 764 1536 si
787 1476 849 1538 noe
868 1478 911 1538 ito
933 1487 1017 1553 sunt,

92 1583 135 1640 sio
156 1600 201 1639 me
223 1577 336 1638 nolitote
358 1586 394 1638 ut
406 1575 508 1638 Deum
517 1600 530 1650 ,-
553 1578 600 1638 sin
616 1574 678 1637 und
692 1585 736 1639 est
749 1577 925 1638 interiturus
947 1581 1018 1640 oni·

91 1699 157 1740 mus
180 1698 246 1738 oum
269 1697 399 1758 corpore,
415 1696 466 1736 vos
488 1684 595 1750 tomen,
611 1674 695 1736 Deos
715 1684 852 1750 verentes,
868 1679 922 1759 qui
935 1677 1018 1741 iuno

91 1799 203 1840 orionem
224 1771 460 1860 pulcritudinem
489 1784 611 1860 tuentur
639 1783 668 1837 ei
695 1783 813 1859 repient,
842 1779 1018 1841 memoriam

91 1879 187 1941 nostri
194 1875 245 1960 pii
260 1873 455 1958 inviolatique
470 1874 633 1936 servabitis.
680 1872 784 1959 Cyrus
807 1873 934 1957 quidem
949 1875 1019 1944 hnc

90 1998 233 2042 monens.

134 2173 277 2240 XXIII.
306 2179 356 2239 82.
388 2172 467 2258 Nos,
498 2173 524 2239 si
560 2173 671 2259 placet,
701 2185 807 2240 nostra
842 2174 1016 2244 videamus.

91 2270 193 2340 Nemo
206 2296 347 2358 unquam
361 2273 447 2351 mihi,
466 2272 581 2358 Scipio,
597 2273 804 2358 persuadebit,
818 2283 875 2339 aut
892 2285 1019 2360 patrem

33 2425 35 2429 Α
89 2383 181 2438 tuum
207 2371 365 2448 Paullum,
391 2384 447 2437 aut
476 2372 554 2438 duos
582 2395 666 2450 avos,
692 2373 840 2439 Paullum
869 2384 901 2439 et
923 2375 1019 2444 Afri-

90 2496 212 2549 canum,
228 2482 284 2537 aut
296 2471 439 2537 Africani
453 2483 573 2557 patrem
589 2482 645 2537 aut
658 2482 815 2558 patruum,
828 2484 883 2539 aut
897 2477 1019 2545 multos

89 2583 271 2659 prestantes
294 2572 387 2649 viros,
412 2595 490 2657 quos
516 2596 694 2639 enumerare
717 2596 782 2640 non
806 2585 853 2641 est
878 2598 1017 2658 neeesse,

89 2684 179 2738 tanta
208 2695 272 2737 esse
302 2683 436 2751 conatos,
462 2695 531 2758 quae
556 2675 595 2739 ad
619 2675 809 2761 posteritatis
833 2679 1019 2746 memoriam

89 2772 293 2858 pertinerent,
309 2771 369 2836 nisi
387 2771 489 2837 animo
511 2784 673 2839 cernerent
688 2773 901 2859 posteritatem
919 2776 961 2841 ad
984 2802 1018 2846 se

89 2870 255 2955 pertinere.
265 2868 357 2957 &Au
372 2881 568 2936 censes-ut
583 2871 621 2936 de
636 2872 768 2958 meipso
788 2873 907 2959 aliquid
928 2897 1019 2944 moro

90 2992 201 3034 senum
223 2964 439 3055 glorier-m
462 2981 566 3037 tantos
589 2973 708 3039 labores
734 2973 861 3039 diurnos
886 2986 1018 3043 noctur·

90 3091 208 3153 nosque
223 3069 306 3135 domi
319 3069 500 3155 militiaeque
515 3083 730 3158 suscepturum
744 3072 849 3151 fuisse,
864 3073 891 3137 si
905 3074 1019 3143 iisdem

90 3169 206 3233 finibus
220 3168 351 3255 gloriam
370 3192 480 3247 meam,
497 3171 610 3255 quibus
625 3172 732 3250 vitam,
747 3195 845 3238 essem
866 3176 1019 3243 termina-

90 3270 206 3334 turus?
252 3269 367 3334 Nonue
381 3270 491 3336 melius
505 3270 607 3336 multo
621 3271 732 3337 fuisset
746 3274 876 3339 otiosam
891 3285 1020 3344 atatem

91 3376 125 3437 et
139 3367 276 3451 quietam
291 3368 357 3433 sine
370 3368 435 3434 ullo
449 3369 553 3435 labore
568 3379 600 3436 et
617 3371 815 3437 contentione
830 3372 1020 3444 traduceret

30 3463 167 3680 Ksed,
180 3467 283 3536 neseio
299 3467 464 3554 quomodo,
480 3469 600 3535 enimus
616 3470 736 3556 erigens
754 3493 786 3538 se
801 3473 1022 3558 posteritatem
