2264 3914
125 230 166 294 70
494 230 668 293 LAELIUS.

125 420 166 463 ne
181 420 243 464 non
259 397 358 463 solum
374 397 516 463 amicitia
531 397 688 483 deposita,
706 397 758 462 sod
774 396 944 464 inimicitia
960 397 1055 464 etiam

126 509 277 584 susceptae
292 498 466 565 videantur.
513 499 603 563 Nihil
625 499 709 565 euim
731 511 778 564 est
800 500 934 585 turpius,
959 500 1054 584 quam

125 620 196 662 cum
222 620 259 662 eo
283 597 402 664 bellum
424 621 542 685 gerere,
566 598 694 682 quicum
716 598 909 664 familiariter
927 599 1052 664 vixeris.

125 700 180 763 Ab
206 698 342 764 amicitia
367 698 408 781 Q.
422 699 567 784 Pompeii
585 721 656 764 mco
677 699 803 764 nomine
819 721 851 764 se
866 709 1052 776 removerat,

123 810 161 864 ut
185 800 279 878 scitis,
298 800 422 887 Scipio:
446 811 573 886 propter
597 800 817 865 dissensionem
841 810 955 877 autem,
982 821 1053 885 quae

124 912 192 966 crat
219 903 253 966 in
282 902 449 988 republicd,
489 902 642 967 alienatus
672 913 719 966 est
748 903 768 966 ὰ
796 901 916 988 collegd
945 912 1054 965 nostro

124 1000 277 1067 Metello:
316 1013 487 1087 utrumque
522 1002 588 1088 egit
616 1002 764 1088 graviter,
794 1002 989 1077 auctoritate,
1020 1014 1053 1066 et

124 1099 292 1166 offensione
328 1101 424 1166 animi
459 1124 522 1166 uon
563 1101 682 1166 acerba.
750 1104 800 1166 78.
840 1099 1053 1183 Quamobrem

123 1201 259 1284 primdm
282 1201 383 1266 danda
403 1210 574 1287 operaest,
594 1224 712 1285 nequa
734 1201 904 1265 amicorum
926 1199 1054 1264 discidia

123 1300 221 1377 fiant3
246 1302 294 1366 sin
311 1302 374 1366 tale
389 1301 509 1384 aliquid
529 1302 678 1378 evenerit,
705 1312 743 1366 ut
765 1300 927 1366 exstincte
947 1299 1054 1385 potiris

123 1403 265 1468 amicitiae
280 1405 374 1488 quam
390 1425 542 1489 oppressa
557 1426 623 1469 esse
643 1404 818 1468 videantur.
865 1401 1053 1468 Cavendum

122 1503 197 1568 vero
212 1513 268 1580 est,
285 1527 325 1567 ne
339 1504 435 1568 etiam
448 1504 482 1567 in
496 1526 606 1590 graves
620 1504 799 1568 inimicitias
819 1511 1004 1568 convertant
1020 1524 1054 1566 se

122 1602 283 1678 amicitiae3
307 1625 347 1666 ex
373 1603 489 1687 quibus
507 1604 627 1690 jurgia,¹
654 1603 827 1680 maledicta,
857 1602 1054 1668 contumeliae

121 1702 305 1788 gignuntur.
353 1702 434 1785 Quae
448 1715 554 1769 tamen
568 1704 594 1769 si
609 1704 784 1770 tolerabiles
798 1715 901 1780 erunt,
917 1702 1054 1768 ferendae

122 1815 217 1881 sunt;
241 1814 273 1868 et
294 1804 344 1869 hic
358 1804 457 1870 honos
471 1805 570 1870 veteri
584 1805 727 1871 amicitiae
741 1804 926 1870 tribuendus
941 1815 998 1880 est,
1013 1814 1054 1868 ut

121 1905 148 1968 is
163 1904 195 1968 in
211 1905 303 1990 eulpd
317 1906 367 1984 sit,
383 1907 439 1990 qui
454 1906 559 1985 saciat,
581 1929 644 1971 non
660 1907 715 1992 qui
737 1907 875 1992 patiatur
896 1906 1050 1990 injuriam.

123 2005 260 2072 Omnino
275 2010 414 2072 omnium
429 2008 540 2073 horum
554 2008 703 2074 vitiorum
722 2020 820 2093 atque
841 2007 1054 2072 incommodo·

121 2129 193 2171 rum
207 2131 271 2172 una
285 2109 388 2174 cautio
404 2118 451 2174 est
466 2118 563 2193 atque
584 2131 648 2173 una
670 2108 815 2193 provisio,
838 2118 875 2173 ut
897 2130 936 2172 ne
959 2108 1054 2173 nimis

122 2205 185 2271 cito
208 2207 339 2293 diligere
358 2207 519 2292 incipiant,
540 2231 618 2273 neve
632 2232 696 2273 non
710 2208 828 2294 dignos
876 2208 926 2273 79.
952 2207 1054 2292 Digni

123 2320 228 2371 autem
249 2319 324 2373 sunt
343 2307 490 2385 amicitid,
512 2308 627 2392 quibus
641 2309 674 2372 in
690 2308 764 2393 ipsis
779 2308 861 2373 inest
876 2330 978 2383 causa,
995 2330 1056 2373 cur

122 2405 302 2492 diligantur.
347 2407 468 2473 Rarum
493 2409 612 2495 genusl
634 2420 667 2475 et
691 2409 818 2492 quidem
844 2408 948 2473 omnia
973 2431 1054 2494 prae·

122 2506 206 2572 clara
228 2530 315 2585 rara3
339 2530 397 2574 nec
420 2509 592 2594 quidquam
614 2509 779 2586 difficilius,
802 2511 897 2593 quam
918 2508 1054 2594 reperire

123 2607 207 2693 quod
229 2608 270 2673 sit
296 2609 381 2675 omni
407 2633 447 2676 cx
472 2620 561 2696 parte
586 2610 620 2674 in
645 2633 702 2676 suo
726 2633 840 2697 genere
866 2611 1051 2696 perfectum.

125 2709 187 2776 Sed
216 2709 359 2795 plerique
388 2734 492 2796 neque
521 2712 554 2775 in
583 2710 677 2777 rebus
705 2710 849 2777 humanis
878 2712 1053 2796 quidquam

123 2811 240 2873 bonum
254 2807 382 2887 ndrunt,
399 2810 459 2875 nisi
474 2810 559 2895 quod
574 2811 769 2876 fructuosum
785 2811 845 2886 sit3
870 2823 902 2876 et
925 2812 1052 2890 amicos,

123 2920 284 2993 tamquam
305 2908 450 2995 pecudes,
473 2934 525 2976 cos
546 2911 741 2996 potissimum
763 2911 909 2998 diligunt,
926 2935 965 2978 ex
981 2915 1054 2997 qui·

123 3009 183 3076 bus
198 3020 323 3094 sperant
338 3033 371 3077 se
386 3012 557 3089 maximum
572 3012 711 3078 fructum
727 3035 792 3077 esse
807 3024 963 3098 capturos.
999 3000 1051 3079 80.

122 3106 177 3174 Ita
197 3108 404 3194 pulcherrima
424 3109 479 3174 illa
498 3121 531 3176 et
548 3111 683 3176 maxime
703 3113 839 3177 naturali
853 3126 960 3180 carent
975 3117 1054 3180 ami·

123 3208 207 3286 citit,
224 3231 280 3294 per
297 3231 331 3275 se
353 3218 385 3276 ct
402 3220 530 3297 propter
551 3235 584 3277 se
607 3213 801 3298 expetenda:
825 3236 882 3279 nec
907 3215 966 3300 ipsi
993 3217 1055 3282 sibi

123 3310 265 3396 exemplo
280 3321 363 3388 sunt,
379 3310 445 3376 haec
459 3313 506 3376 vis
520 3313 663 3378 amicitiae
683 3314 785 3398 qualis
806 3326 840 3379 et
861 3325 979 3399 quanta
1001 3317 1053 3383 sit.

123 3408 197 3494 Ipse
221 3410 304 3477 euim
328 3433 361 3476 se
385 3411 517 3497 quisque
540 3412 653 3499 diligit,
676 3436 738 3478 non
761 3423 798 3478 ut
819 3414 954 3499 aliquam
978 3416 997 3481 ἑ
1020 3440 1055 3484 se

68 3562 72 3569 .
122 3509 190 3594 ipse
212 3512 386 3578 mercedem
407 3511 514 3599 exiget
536 3514 673 3580 caritatis
691 3537 764 3592 suae,
781 3515 833 3581 sed
849 3516 933 3600 quod
949 3540 1005 3604 per
1019 3541 1054 3586 se
