2264 3914
106 1276 134 1342 Ι.
153 1283 179 1343 l.
205 1277 368 1362 QUINTUS
383 1276 529 1343 Muclus
544 1301 645 1363 augur
667 1279 767 1346 multa
787 1303 913 1350 narrare
933 1283 972 1351 de
987 1280 1025 1354 0.

105 1378 212 1456 Laelio,
228 1401 331 1444 socero
345 1401 411 1455 suo,
427 1377 603 1442 memoriter
616 1389 649 1443 et
658 1378 798 1463 jucunde
812 1381 930 1448 solebat
943 1407 951 1459 3
968 1405 1027 1450 nee

105 1476 248 1542 dubitare
262 1477 350 1541 illum
365 1477 398 1539 in
420 1475 504 1552 omni
519 1498 658 1556 sermone
673 1477 828 1563 appellare
846 1481 1025 1567 Sapientem.

106 1577 177 1663 Ego
192 1577 329 1642 autem—d
342 1585 431 1661 patre
445 1574 490 1640 ita
505 1596 589 1640 eram
608 1575 760 1642 deductus
781 1578 821 1642 ad
845 1577 1027 1657 Scaevolam,

105 1677 208 1742 sumti
222 1676 303 1742 virili
317 1675 401 1762 tegi,
416 1685 463 1753 ut,
479 1675 581 1759 quoad
595 1697 715 1761 possem
736 1687 769 1742 et
782 1677 901 1757 liceret,
913 1681 932 1744 i
947 1680 1028 1747 senis

88 1776 203 1845 „latere
225 1796 386 1857 nunquam
411 1773 607 1839 discederem
663 1773 777 1859 Itaque
803 1777 904 1842 multa
929 1781 968 1844 ab
992 1801 1029 1843 eo

96 1876 275 1960 „prudenter
288 1874 456 1959 disputata,
468 1873 567 1939 multa
577 1873 671 1938 etiam
681 1875 818 1941 breviter
829 1887 861 1941 et
872 1877 1030 1943 commode

108 1976 200 2052 dieta,
221 1975 375 2040 memoria
396 1973 596 2048 mandabam3
626 1973 755 2058 fierique
777 1977 1030 2062 studebam‘ejus

108 2073 272 2159 prudentii
293 2071 421 2136 doctior.
468 2069 542 2152 Quo
563 2080 696 2148 mortuo,
719 2094 770 2137 me
791 2073 831 2137 ad
853 2075 1031 2159 pontificem

112 2173 280 2241 Scaevolam
306 2171 434 2247 contuli,
461 2192 555 2254 quem
578 2193 676 2235 unum
701 2181 815 2238 nostrae
840 2174 975 2241 civitatis
998 2187 1031 2242 et

108 2270 235 2358 ingenio
264 2281 296 2335 et
321 2269 446 2353 justitie
473 2269 761 2354 praestantissimum
791 2271 890 2337 audeo
919 2272 1029 2339 dicere.

112 2373 174 2440 Sed
189 2371 300 2436 dehoc
314 2371 404 2446 alids3
419 2391 503 2434 nune
518 2369 609 2434 redeo
624 2369 663 2434 ad
678 2392 837 2456 augurem.
873 2378 903 2435 2.
921 2372 1031 2455 Quum

109 2473 188 2557 saepe
213 2470 321 2546 multa,
348 2481 418 2533 tum
441 2469 577 2544 memini,
601 2467 685 2533 domi
711 2469 745 2533 in
770 2469 953 2558 hemicyclio
983 2495 1030 2539 se-

109 2574 245 2646 dentem,
261 2582 298 2635 ut
312 2568 441 2644 solebat,
456 2591 555 2652 quum
569 2579 603 2635 et
618 2591 677 2656 ego
692 2556 789 2636 essem
804 2573 877 2649 und,
893 2583 926 2638 et
939 2575 1031 2659 pauci

109 2662 275 2738 adinoddm
289 2659 464 2744 familiares,
473 2669 507 2733 in
519 2692 589 2734 eum
602 2692 771 2736 sermonem
782 2671 871 2738 illum
885 2672 1030 2752 inridere,

110 2773 165 2857 qui
186 2783 255 2837 tum
272 2770 337 2851 fere
356 2770 500 2835 &mnibus
520 2781 588 2835 erat
602 2769 635 2832 in
651 2792 711 2834 ore.
758 2771 933 2837 Meministi
948 2774 1032 2839 enim

109 2865 269 2958 profecti,
291 2869 410 2945 Attice,
440 2878 473 2934 et
501 2869 537 2934 ed
567 2867 674 2955 magis,
711 2869 796 2953 quid
825 2870 864 2934 P.
893 2870 1031 2958 Sulpicio

110 2973 237 3035 utebare
262 2969 402 3034 multdm
411 2990 558 3052 -quum
573 2968 608 3044 is,
624 2967 769 3033 tribunus
783 2969 890 3055 plebis,
906 2971 1032 3057 capitali

110 3072 180 3136 odio
194 3073 213 3135 i
228 3070 269 3153 Q.
286 3069 449 3155 Pompeio,
466 3069 522 3152 qui
541 3078 611 3132 tum
630 3077 697 3132 erat
719 3069 837 3145 consul,
860 3069 1030 3150 dissideret,

111 3172 245 3256 qudeum
277 3169 528 3256 conjunctissime
558 3179 591 3233 et
619 3168 827 3235 amantissime
856 3169 1031 3236 vixerat-

111 3282 228 3357 quanta
252 3272 412 3337 hominum
439 3280 519 3336 esset
548 3269 599 3334 vel
623 3269 785 3358 admiratio
815 3270 865 3335 vel
894 3271 1031 3356 querela.

109 3378 140 3439 3.
164 3372 278 3457 Itaque
300 3383 369 3437 tum
393 3371 540 3446 Seaevola,
555 3393 653 3454 quum
673 3360 707 3433 in
733 3393 801 3436 eam
823 3370 921 3455 ipsam
945 3393 1032 3436 men·

109 3472 227 3539 tionem
241 3471 410 3548 incidisset,
427 3470 568 3556 exposuit
583 3468 672 3535 nobis
688 3491 856 3534 sermonem
879 3467 971 3533 Laelii
993 3467 1032 3534 de
