2258 3916
364 193 456 258 cAP.
476 195 565 256 XVI.
586 195 690 256 XVII.
965 197 1011 256 68

81 359 208 437 excitet,
223 358 415 446 inducatque
436 363 469 427 in
493 384 581 448 spem
605 361 890 448 cogitationemque
905 359 1012 425 melio·

81 482 155 524 rani.
213 459 307 525 Alius
321 460 420 546 igitur
435 462 507 526 finis
522 485 602 527 verae
617 462 761 527 amicitiae
775 461 1013 526 constituendus

82 570 139 634 est,
155 560 181 623 si
196 560 283 645 prins
298 560 375 644 quid
390 560 525 626 maximd
539 561 763 647 reprehendere
784 559 888 646 Scipio
903 560 1012 625 solitus

81 659 264 725 sitedixero.
282 659 428 746 Negabat
437 661 533 726 ullam
542 683 651 726 vocem
659 661 861 726 inimiciorem
871 660 1013 726 amicitia

82 761 220 846 potuisse
241 760 379 846 reperiri,
402 763 496 846 quim
520 764 597 847 ejus,
618 763 674 846 qui
696 762 824 827 dixisset
844 761 891 826 ita
911 783 1013 826 amare

82 874 288 948 oporterent
310 862 337 928 si
358 863 526 949 aliquando
548 875 630 928 essct
652 886 781 929 osurus:
805 885 864 928 nec
885 863 958 928 verb
980 884 1013 928 se

83 964 195 1028 adduci
223 987 322 1049 posse,
347 976 384 1029 ut
408 964 478 1042 hoc,
503 964 767 1048 quemadmoddm
795 975 969 1050 putaretur,
995 966 1015 1029 d

83 1066 199 1132 Biante
214 1088 279 1131 csse
290 1067 410 1130 dictum
425 1066 575 1143 crederet,
589 1066 644 1150 qui
660 1067 783 1152 sapiens
797 1066 923 1132 habitus
934 1074 1014 1130 essct

83 1192 166 1235 unus
187 1169 205 1234 c
227 1180 363 1254 septem3
387 1169 442 1235 sed
463 1170 579 1256 impuri
601 1170 761 1253 cujusdam
786 1182 842 1234 aut
861 1166 1016 1234 ambitiosi

83 1283 140 1336 aut
154 1271 257 1336 omnia
272 1270 311 1335 ad
326 1294 414 1336 suam
429 1273 602 1357 potentiam
617 1273 791 1337 revocantis
807 1295 872 1338 csse
892 1284 1016 1337 senten-

83 1373 169 1436 tiam.
223 1372 370 1455 Quonam
393 1375 476 1438 enim
499 1375 590 1439 modo
617 1374 782 1458 quisquam
809 1375 926 1439 amicus
951 1394 1016 1439 esse

84 1476 211 1560 poterit,
226 1475 277 1541 cui
291 1498 324 1541 se
339 1476 463 1562 putabit
484 1475 646 1541 inimicum
668 1499 734 1541 esse
756 1478 870 1562 posse?
915 1475 1017 1559 Quin·

85 1577 179 1642 etiam
193 1601 318 1643 necesse
333 1578 392 1644 erit
404 1601 517 1664 cupere
528 1590 561 1644 ct
572 1589 689 1664 optare,
699 1591 736 1644 ut
748 1580 843 1663 quim
854 1579 1018 1666 saepissime

85 1689 192 1763 peccet
215 1679 342 1755 amicus,
359 1678 422 1764 qud
447 1679 552 1767 plures
578 1679 633 1745 det
658 1679 718 1744 sibi
740 1682 902 1763 tamquam
929 1701 1018 1744 ausae

85 1782 125 1846 ad
138 1782 448 1867 reprehendendum:
472 1784 597 1848 rursum
612 1793 718 1847 autem
733 1783 818 1848 recte
833 1783 924 1848 factis
935 1805 1019 1847 com·

88 1882 251 1965 modisque
262 1883 432 1948 amicorum
441 1883 525 1968 angi,
536 1883 652 1960 dolere,
664 1882 827 1969 invidere„
843 1887 893 1948 60.
912 1882 1018 1965 Quare

87 2003 145 2046 noc
158 1982 295 2064 quidem
304 1981 312 1990 “’
319 1993 518 2069 praeceptum,
535 1985 760 2068 cujuscumque
781 1992 838 2058 est,
854 1983 893 2047 ad
908 1982 1019 2047 tollen-

87 2083 159 2145 dam
189 2082 357 2147 amicitiam
387 2084 482 2149 valet.
528 2081 616 2147 Illud
644 2083 750 2167 potiris
778 2082 1019 2167 praecipicndum

87 2181 159 2258 fuit,
186 2193 223 2246 ut
249 2204 317 2247 eam
346 2183 541 2270 diligentiam
570 2183 786 2248 adhiberemus
815 2182 848 2246 in
877 2182 1020 2247 amicitiis

87 2284 313 2368 comparandis,
336 2296 374 2351 ut
395 2284 562 2369 nequando
584 2306 687 2349 amare
709 2282 915 2368 inciperemus
936 2305 1018 2360 eum,

87 2405 182 2466 quem
195 2383 361 2468 aliquando
373 2385 474 2451 odisse
485 2407 653 2470 possemus.
686 2382 868 2466 Quinetiam
881 2382 1020 2449 siminus

88 2486 193 2551 felices
217 2486 251 2550 in
276 2487 442 2572 deligendo
465 2486 644 2562 fuissemus,
665 2485 830 2552 ferendum
855 2485 888 2549 id
916 2485 1020 2572 Scipio

88 2587 201 2670 potiris,
221 2588 316 2672 quam
336 2587 572 2654 inimicitiarum
595 2597 719 2673 tempus
734 2587 946 2674 cogitandum,
961 2611 1020 2673 pu·

88 2690 183 2753 tabat.

134 2892 254 2960 XVII.
279 2897 330 2959 61.
357 2893 419 2959 His
440 2893 539 2981 igitur
559 2894 676 2960 finibus
699 2893 853 2960 utendum
877 2894 1021 2974 arbitror,

90 3006 127 3060 ut
143 3017 241 3077 quum
255 2995 413 3062 emendati
426 3019 527 3062 mores
542 2996 712 3061 amicorum
726 2995 799 3073 sint,
809 3005 878 3060 tum
889 2996 930 3061 sit
941 2997 1023 3062 inter

91 3120 143 3163 eos
155 3097 294 3163 omnium
309 3120 423 3174 rerum,
436 3097 647 3174 consiliorum,
657 3097 866 3174 voluntatum,
879 3099 945 3162 sind
959 3098 1025 3164 ulla

91 3199 273 3284 exceptione
282 3200 507 3276 communitas3
526 3210 564 3263 ut
579 3199 684 3276 etiam,
699 3198 789 3284 siqui
803 3199 930 3264 fortuni
943 3201 1024 3265 acci·

92 3301 173 3367 derit
187 3310 225 3365 ut
239 3299 343 3366 minus
356 3301 450 3387 justae
465 3300 635 3365 amicorum
651 3301 829 3366 voluntates
843 3300 1024 3386 adjuvanda

92 3405 165 3480 sint,
188 3400 222 3465 in
246 3400 360 3485 quibus
380 3423 488 3468 eorum
515 3412 571 3467 aut
596 3412 693 3487 caput
718 3411 831 3486 agatur
853 3412 909 3467 aut
930 3402 1023 3480 fama,

92 3504 312 3572 declinandum
334 3503 376 3569 sit
399 3504 438 3570 de
463 3503 523 3582 via,
545 3504 637 3570 modo
656 3527 697 3569 ne
719 3527 839 3569 summa
862 3505 1025 3592 turpitudo
