2264 3914
105 224 142 282 36
424 217 535 280 CATO
554 217 706 280 Meton.

104 387 256 469 insipienti
270 406 391 467 corpore
405 389 566 459 evasisset,·
588 384 641 446 sed
653 405 745 468 quum
757 386 838 446 omni
847 384 1030 448 admixtione

103 487 235 567 corporis
258 485 400 546 liberatus
416 507 518 568 purus
539 495 568 548 et
588 487 700 568 inteper
721 505 782 546 esse
803 487 945 567 coepisset,
962 495 1028 549 tum

102 606 162 645 esse
184 585 353 667 sapientem.
399 583 499 667 Atque
524 586 622 658 edam,
646 603 736 667 quum
762 584 888 645 dominis
911 593 1027 646 manera

101 692 193 745 nsorte
208 684 388 757 dissolvitur,
405 676 569 744 ceterarum
584 704 684 745 rerum
694 685 888 765 perspicuum
909 691 953 744 est
967 680 1027 766 qus)

101 804 223 866 quaque
237 783 411 845 discedant:
434 784 544 846 abeunt
555 785 630 844 enim
647 781 719 844 illuc
739 784 847 856 omniu,
864 782 941 842 uude
955 791 1025 848 orta

100 893 171 945 sunt
179 907 192 957 ,·
215 885 333 944 animus
348 891 447 943 autem
461 882 551 956 solus,
567 904 619 944 nec
633 903 726 964 quum
749 882 840 954 adest,
857 903 910 944 nec
931 903 1024 965 quum

100 984 233 1058 discedit,
260 992 396 1066 apparet.
441 983 515 1045 Jam
537 978 605 1044 veri>
626 983 731 1043 videtis
750 982 828 1043 attat
848 1003 909 1043 esse
933 985 1027 1044 morti

98 1093 162 1146 tam
177 1083 280 1156 simile,
296 1081 387 1165 quam
402 1090 545 1145 somnum.
588 1081 687 1165 Atqui
705 1081 912 1143 dormientium
927 1083 1027 1144 animi

98 1179 225 1243 maximi
254 1180 411 1243 declarant
437 1181 621 1243 divinitatem
657 1202 767 1242 suam:
800 1181 896 1242 multa
932 1183 1021 1256 enim,

98 1306 190 1368 quum
213 1284 329 1344 remissi
347 1291 375 1344 ct
397 1282 482 1343 liberi
502 1290 581 1356 sunt,
595 1281 713 1363 futuru
723 1283 921 1364 prospiciunt.
967 1282 1025 1345 En

98 1406 156 1467 quo
170 1383 356 1464 intellipitur,
373 1381 590 1464 qualesfuturi
603 1382 672 1455 sint,
688 1402 781 1469 quum
803 1403 833 1442 se
844 1378 934 1464 ploni
955 1403 1024 1443 eon·

93 1484 180 1568 poris
205 1479 332 1542 vinculis
355 1479 564 1541 relevaverint.
615 1476 718 1555 Quari
741 1476 770 1540 si
793 1480 855 1541 lac
874 1481 917 1541 itu
938 1490 1021 1556 sunt,

98 1587 141 1644 sie
162 1604 207 1644 me
229 1581 342 1642 colitote
364 1589 400 1641 ut
412 1579 514 1641 Deum
523 1603 536 1653 ,·
559 1581 605 1641 sin
622 1578 684 1641 und
698 1588 743 1642 est
755 1581 931 1641 interiturus
952 1583 1023 1643 ami·

97 1704 164 1744 mus
186 1703 252 1743 cum
275 1701 405 1762 corpore,
421 1700 472 1740 vos
494 1688 601 1752 tamen,
617 1677 701 1740 Deos
721 1687 858 1754 verentes,
874 1682 928 1763 qui
940 1680 1023 1744 lunc

97 1803 209 1844 orornem
230 1779 465 1864 pulcritudinem
495 1787 617 1864 tuentur
644 1786 679 1840 et
701 1787 818 1862 repient,
847 1781 1022 1843 memoriam

97 1884 193 1944 nostri
200 1879 252 1964 pii
266 1877 461 1962 inviolatique
476 1878 640 1940 servabitis.
687 1875 791 1962 Cyrus
813 1876 940 1961 quidem
953 1878 1022 1946 hmo

96 2002 239 2045 monens.

141 2177 284 2244 XXIII.
312 2182 362 2242 82.
394 2176 429 2262 N
431 2199 473 2255 os,
504 2177 530 2242 si
566 2177 677 2263 placet,
707 2188 813 2243 nostra
848 2179 1019 2246 videamus.

97 2274 130 2344 N
131 2302 199 2344 emo
213 2300 353 2361 unquam
368 2276 453 2355 mihi,
473 2275 587 2361 Scipio,
603 2276 810 2362 persuadebit,
824 2288 882 2343 aut
898 2288 1022 2364 petrem

40 2429 42 2433 a
95 2388 187 2443 tuum
213 2377 371 2453 Paullum,
398 2388 453 2440 aut
482 2376 560 2441 duos
588 2399 672 2454 avos,
698 2377 847 2442 Paullum
875 2387 908 2443 et
929 2378 1022 2445 Afri-

96 2500 218 2554 canum,
235 2485 289 2540 aut
301 2475 445 2541 Africani
459 2485 580 2562 patrem
595 2487 651 2541 aut
665 2486 821 2561 patruum,
834 2488 890 2543 aut
903 2479 1021 2547 multos

95 2587 277 2662 prestantes
300 2577 393 2653 viros,
418 2598 496 2660 quos
522 2599 701 2643 enumerare
723 2600 787 2642 non
813 2589 859 2645 eet
884 2601 1020 2660 neeesse,

95 2688 185 2742 tanta
213 2699 278 2742 esse
308 2686 443 2754 conatos,
468 2699 538 2761 quae
562 2676 601 2742 ad
626 2678 815 2764 posteritatis
839 2680 1021 2747 memoriam

96 2776 299 2863 pertinerent,
315 2775 375 2840 nisi
393 2775 495 2840 animo
518 2786 680 2841 cernerent
693 2777 907 2862 posteritatem
925 2777 965 2843 ad
987 2803 1022 2846 se

96 2875 262 2959 pertinere.
271 2872 363 2961 &Aa
378 2884 575 2939 censes—ut
589 2874 628 2939 de
642 2896 693 2939 me
707 2875 773 2960 ipso
794 2875 913 2961 aliquid
934 2900 1022 2944 more

97 2996 206 3038 senum
229 2973 446 3059 glorier-me
468 2984 572 3040 tantos
595 2975 715 3040 labores
740 2976 867 3041 diurnos
892 2987 1021 3043 noctur⁴

96 3095 214 3157 nosque
229 3074 312 3138 domi
326 3073 506 3159 militiaeque
521 3085 737 3160 suscepturum
750 3074 855 3153 fuisse,
870 3075 897 3140 ei
910 3077 1022 3143 iisdem

97 3172 212 3237 finibus
227 3172 356 3258 gloriam
377 3196 486 3250 meam,
503 3174 617 3258 quibus
631 3174 738 3251 vitam,
753 3197 852 3240 essem
873 3177 1023 3243 termina·

97 3275 212 3339 turus?
258 3273 290 3338 N
291 3295 373 3339 onne
387 3273 497 3339 melius
511 3273 613 3339 multi>
627 3273 738 3341 fuisset
752 3276 882 3341 otiosam
897 3287 1023 3344 aetatem

98 3382 131 3439 et
145 3371 282 3456 quietem
297 3372 363 3438 sine
377 3372 441 3436 ullo
455 3371 559 3438 labore
574 3383 607 3439 et
623 3373 821 3439 contentione
837 3375 1024 3443 traduceret

101 3469 173 3549 sed,
187 3471 290 3540 neseio
305 3471 470 3557 quomodi),
486 3473 607 3539 animus
622 3473 742 3560 erigens
760 3496 792 3540 se
807 3474 1025 3561 posteritatem
