2258 3916
89 225 124 282 ta
409 220 520 284 CATO
540 220 691 284 Maron„

87 388 133 452 Et
153 387 254 451 multa
274 385 415 465 fortasse,
429 410 499 472 quas
525 388 602 453 vult
634 387 746 470 Atque
760 385 792 450 in
808 408 844 451 ea
866 385 1015 469 quidem,

88 509 157 570 quas
185 509 249 552 non
277 486 355 563 vult,
392 509 471 572 saepe
508 487 602 553 etiam
631 485 839 552 adolescentia
867 485 1017 553 incurrit.

87 587 174 653 Illud
188 589 261 654 vero
275 588 357 684 idem
373 588 516 656 Caecilius
530 589 693 654 vitiosius:
771 635 774 641 -

137 741 217 802 Tum
231 739 364 822 equidem
378 742 410 800 in
424 738 540 801 senectd
554 741 609 802 lmc
623 739 731 822 deputo
747 740 947 800 miserrimum
956 774 1004 786 -

134 841 251 904 Sentire
265 841 301 903 ed
315 850 401 913 oetate
415 863 476 903 erae
485 863 516 903 se
531 843 663 904 odiosum
678 841 775 902 alteri.

87 994 113 1060 J
115 994 271 1060 ucundum
291 993 405 1079 potins,
432 995 526 1078 quarn
555 993 703 1058 odiosum.
750 992 800 1058 Ut
829 991 911 1058 enim
940 991 1019 1058 ado·

83 1094 275 1161 lescentibus
289 1095 370 1167 bona
383 1093 486 1158 indole
501 1093 637 1179 praeditis
649 1093 801 1178 sapientes
812 1114 900 1157 senes
911 1093 1021 1159 delec-

87 1206 204 1272 tantur,
219 1194 379 1278 leviorque
392 1194 553 1259 fiteorum
567 1205 719 1271 senectus,
730 1194 785 1279 qui
795 1195 834 1258 ab
844 1195 1021 1278 juventute

87 1298 231 1364 coluntur
246 1309 278 1363 et
292 1297 484 1383 diliguntur:
508 1297 552 1362 sio
575 1297 784 1363 adolescentes
807 1318 916 1361 senum
935 1318 1022 1380 pras·

87 1397 184 1483 ceptis
205 1395 352 1482 gaudent,
368 1395 481 1478 quibus
502 1394 541 1460 ad
560 1396 712 1460 virtutum
727 1395 829 1461 studia
844 1394 1018 1460 ducuntur.

87 1499 159 1565 Nec
173 1499 276 1563 minus
297 1496 439 1583 intelligo
463 1519 513 1562 me
536 1497 632 1573 vobis
649 1498 744 1582 quam
767 1519 823 1562 vos
845 1495 922 1558 mihi
947 1518 1020 1564 esse

82 1600 247 1687 jucundos.
280 1598 343 1664 sed
353 1599 474 1676 videtis,
486 1607 524 1664 ut
536 1608 681 1670 senectus
692 1621 754 1664 non
766 1597 856 1662 modo
865 1597 1022 1684 languida

87 1714 183 1791 atque
194 1704 277 1770 iners
288 1702 410 1779 nonsit,
420 1703 529 1768 verum
540 1701 634 1766 etiam
645 1702 686 1766 sit
699 1723 837 1786 operosa,
848 1712 880 1766 et
892 1724 1022 1788 semper

87 1828 182 1891 agens
195 1804 312 1889 aliquid
325 1813 357 1868 et
368 1802 514 1878 moliens;
531 1802 594 1868 tale
609 1801 736 1879 scilicet,
754 1802 846 1887 quale
861 1803 1020 1890 cujusque

88 1908 225 1974 studium
253 1907 286 1970 iu
315 1905 470 1990 superisne
499 1906 565 1970 vita
592 1904 663 1970 fuit.
710 1905 807 1986 Quid,
834 1905 890 1990 qui
918 1906 1021 1974 etiam

87 2011 250 2076 addiscunt
272 2007 414 2092 aliquid?
436 2018 473 2073 ut
497 2006 643 2073 Solonem
663 2009 803 2073 versibus
827 2007 1020 2093 gloriantem

88 2111 238 2188 videmus,
254 2109 309 2195 qui
324 2130 366 2185 se,
382 2108 522 2192 quotidie
537 2108 655 2194 aliquid
674 2108 891 2185 addiscentem,
907 2131 1020 2176 senem

87 2213 154 2277 fieri
168 2211 256 2284 dicit;
273 2220 310 2275 ut
326 2231 383 2294 ego
392 2209 463 2285 feci,
479 2211 534 2293 qui
546 2208 671 2277 Graecas
682 2210 786 2276 literas
798 2233 892 2276 senex
901 2211 1017 2278 didici:

88 2335 165 2395 quas
180 2311 306 2395 quidem
321 2309 365 2374 sic
379 2310 468 2375 avidi
482 2311 608 2396 arripui,
625 2311 716 2395 quasi
734 2311 1019 2380 diuturnam'sitim

89 2413 211 2496 explere
234 2411 371 2495 cupiens,
386 2420 423 2476 ut
437 2434 474 2476 ea
487 2412 553 2498 ipsa
574 2412 651 2477 mihi
672 2423 747 2478 nota
769 2424 881 2491 essent,
898 2414 1019 2497 quibus

88 2535 137 2577 me
152 2533 234 2576 nunc
257 2510 404 2596 exemplis
425 2512 474 2577 uti
496 2513 617 2578 videtis.
665 2512 759 2595 Quod
784 2537 882 2599 quum
905 2515 1018 2585 fecisse

91 2613 249 2680 Socratem
263 2611 297 2675 in
311 2611 423 2678 fidibus
437 2612 584 2690 audirem,
600 2613 712 2679 vellem
727 2616 871 2699 equidem
886 2628 918 2682 et
932 2616 1019 2686 illud

88 2752 130 2763 -
142 2711 299 2778 discebant
314 2712 396 2789 enirn
410 2712 523 2779 fidibus
537 2713 679 2798 antiqui:
696 2714 750 2782 sed
765 2716 799 2781 in
812 2715 911 2783 literis
926 2721 1018 2787 certe

91 2812 254 2878 elaboravi.

121 3015 185 3080 IX.
193 3017 244 3080 27.
258 3013 326 3080 Neo
335 3012 653 3096 nunoequidemvires
662 3015 801 3084 desidero
809 3018 1017 3087 adolescentis

88 3117 168 3182 —is
191 3116 273 3182 enim
295 3115 554 3182 eratloousalter
574 3117 714 3184 devitiis
736 3121 922 3186 senectutis:
947 3144 1017 3190 non

89 3219 167 3304 plus,
179 3219 272 3303 quam
283 3216 457 3311 adolescens
468 3219 550 3283 tauri
561 3231 616 3286 aut
626 3220 782 3305 elephanti
790 3221 1014 3292 desiderabam.

91 3320 184 3402 Quod
195 3328 251 3395 est,
267 3339 303 3383 eo
317 3316 407 3383 decet
421 3317 479 3394 uti,
502 3330 543 3396 et,
568 3321 719 3405 quicquid
740 3344 821 3407 agas,
841 3346 931 3410 agere
954 3347 1016 3410 pro

89 3422 213 3488 viribus.
247 3419 327 3502 Quae
341 3419 423 3486 enim
438 3442 500 3485 vox
513 3431 615 3507 potest
631 3445 696 3488 esse
710 3426 903 3502 contemtior,
915 3428 1016 3510 quam

91 3523 218 3590 Milonis
228 3521 435 3590 Crotoniatae?
446 3522 510 3607 qui,
523 3545 620 3608 quum
630 3525 696 3610 jam
707 3546 801 3592 senex
812 3537 901 3606 esset,
911 3527 1016 3595 athle-
