2258 3916
127 220 166 275 60
507 214 684 274 LAELIUS.

127 381 182 468 qui
212 390 259 444 est
289 380 431 444 amicitiae
460 379 531 446 fons
560 383 579 446 a
607 383 721 446 natura
750 380 947 446 constitutus.
998 380 1066 448 Sed

126 482 234 546 eadem
249 478 370 544 bonitas
382 481 475 545 etiam
487 483 526 546 ad
541 482 775 547 multitudinem
791 481 937 566 pertinet.
985 481 1020 548 N
1020 506 1066 548 on

126 591 174 645 est
199 578 282 643 enim
311 578 480 644 inhumana
502 581 613 659 virtus,
638 603 742 666 neque
767 580 925 656 immunis,
955 603 1065 666 neque

126 679 275 767 superba3
304 702 374 764 quae
396 681 491 746 etiam
513 684 643 768 populos
665 683 825 748 universos
847 681 929 747 tueri
950 682 1065 765 eisque

125 782 243 870 optime
264 783 426 848 consulere
448 783 565 848 soleat:
590 784 675 868 quod
694 806 757 848 non
777 782 893 848 faceret
908 781 1063 868 profecto,

126 882 152 945 si
177 883 197 946 a
225 882 355 947 caritate
381 883 470 969 vulgi
496 884 685 949 abhorreret
740 889 792 950 51.
826 883 937 966 Atque
965 884 1064 949 etiam

125 980 201 1046 mihi
225 980 353 1065 quidem
382 982 540 1061 videntur,
568 986 624 1069 qui
647 984 792 1049 utilitatis
816 984 908 1048 causa
934 984 1063 1069 fingunt

125 1080 286 1159 amicitias,
319 1082 574 1147 amabilissimum
610 1084 726 1148 nodum
763 1083 905 1148 amicitiae
938 1083 1060 1149 tollere.

126 1181 202 1246 Non
228 1181 311 1248 enim
337 1193 403 1248 tam
432 1182 552 1247 utilitas
580 1194 674 1269 parta
702 1206 758 1269 per
788 1183 932 1259 amioum,
964 1187 1062 1268 quam

124 1283 216 1349 amici
237 1306 323 1348 amor
337 1283 403 1368 ipse
418 1283 570 1359 delectat3
593 1295 725 1369 tumque
744 1283 823 1348 illud
846 1284 893 1360 fit,
915 1284 1001 1369 quod
1020 1287 1061 1350 ab

125 1385 224 1449 amieo
248 1394 296 1450 est
320 1384 507 1469 profectum,
525 1384 712 1469 jucundum,
739 1385 766 1450 si
792 1408 864 1450 cum
887 1384 991 1450 studio
1011 1397 1061 1451 est
1108 1450 1110 1455 .

126 1482 321 1566 profectum3
360 1490 549 1565 tantumque
578 1485 667 1549 abest
696 1493 733 1548 ut
762 1484 905 1548 amicitiae
930 1495 1062 1569 propter

125 1582 330 1667 indigentiam
360 1581 512 1658 colantur,
543 1594 580 1647 ut
610 1583 642 1659 ii,
669 1584 725 1667 qui
750 1584 861 1669 opibus
896 1594 929 1648 et
962 1585 1062 1670 copiis

125 1681 322 1766 maximeque
352 1681 469 1746 virtute
491 1682 708 1766 praediti-in
732 1683 796 1766 qua
815 1681 984 1767 plurimum
1011 1695 1061 1749 est

125 1781 452 1869 praesidii-minime
488 1783 617 1847 alterius
654 1782 826 1868 indigeant,
854 1783 1062 1849 liberalissimi

126 1888 188 1953 sint
217 1896 250 1951 et
286 1882 567 1951 beneficentissimi.
637 1881 750 1970 Atque
774 1884 858 1951 baud
883 1884 947 1950 scio
977 1908 1061 1953 anne

126 2013 204 2075 opus
219 1989 259 2054 sit
274 1988 412 2074 quidem,
424 1989 503 2053 nihil
518 2012 659 2074 unquam
674 1989 801 2055 omnino
816 1991 921 2057 deesse
941 1988 1058 2057 amicis.

127 2092 195 2158 Ubi
208 2091 292 2158 enim
314 2090 417 2157 studia
432 2100 538 2156 nostra
563 2092 746 2177 viguissent,
762 2092 789 2156 si
808 2114 969 2176 nunquam
984 2115 1061 2158 con·

126 2193 204 2270 silio,
230 2215 391 2277 nunquam
420 2193 514 2277 opera
543 2194 650 2259 nostra
671 2216 730 2259 nec
752 2194 836 2258 domi
858 2217 916 2260 nec
940 2194 1060 2261 militia

129 2294 233 2381 Scipio
248 2295 406 2380 eguisset?
452 2293 486 2358 N
486 2317 527 2359 on
544 2295 643 2380 igitur
657 2295 827 2362 utilitatem
842 2296 988 2374 amicitia,
1004 2298 1060 2362 sed

126 2397 246 2462 utilitas
260 2395 428 2460 amicitiam
443 2405 609 2461 consecuta
623 2407 679 2461 est

171 2596 251 2664 XV.
277 2601 327 2663 52.
356 2597 432 2663 Non
460 2597 534 2686 ergo
563 2610 657 2665 emant
686 2601 826 2668 homines
856 2603 973 2670 deliciis
998 2606 1060 2672 dif-

127 2701 261 2766 fluentes
281 2700 438 2778 audiendi,
469 2701 621 2787 siquando
646 2702 685 2768 de
710 2705 857 2782 amicitia,
880 2729 975 2790 quam
1000 2732 1061 2777 nec

130 2827 187 2869 usu
202 2825 259 2868 neo
270 2802 390 2868 ratione
405 2802 522 2868 habent
537 2805 704 2890 cognitam,
720 2797 934 2893 disputabunt.
975 2809 1008 2874 N
1009 2834 1062 2876 am

129 2905 200 2987 quis
221 2914 278 2982 est,
294 2927 350 2990 pro
365 2905 472 2971 Defim
486 2906 580 2971 fidem
595 2918 691 2991 atque
706 2907 884 2974 bominuml
900 2910 956 2995 qui
971 2913 1060 2990 velit,

127 3018 165 3097 ut
187 3028 290 3091 neque
310 3007 422 3093 diligat
445 3031 644 3093 quemquam,
671 3033 729 3075 nec
751 3011 817 3097 ipse
839 3014 878 3078 ab
901 3013 966 3077 ullo
989 3014 1061 3080 dili·

128 3118 231 3194 gatur,
252 3108 466 3176 circumfluere
480 3111 624 3177 omnibus
639 3111 745 3197 copiis,
761 3122 857 3196 atque
871 3113 906 3178 in
919 3115 1061 3181 omnium

128 3232 234 3274 rerum
259 3209 451 3276 abundantia
475 3213 603 3278 vivere?
659 3212 738 3279 Haec
768 3213 851 3280 enim
875 3226 923 3281 est
951 3228 1062 3303 tyran-

129 3335 241 3378 norum
260 3313 345 3390 vita3
370 3313 403 3377 in
426 3315 489 3398 qud
508 3314 656 3380 nimirum
678 3314 765 3381 nulla
786 3316 873 3394 fides,
899 3318 987 3383 nulla
1010 3341 1062 3386 ca-

130 3416 215 3511 ritas,
237 3413 324 3479 nulla
346 3414 465 3480 stabilis
486 3415 710 3482 benevolentia
723 3428 827 3503 potest
847 3442 912 3486 esse
926 3420 1061 3497 fiducia,

130 3516 234 3582 omnia
248 3538 369 3605 semper
389 3529 542 3606 suspecta,
558 3528 653 3605 atque
675 3518 825 3600 sollicita3
848 3521 954 3594 nullus
975 3522 1064 3591 locus

132 3689 135 3698 '
200 3698 229 3731 n
