2258 3916
138 225 178 282 42
528 223 702 285 LAELIUS.

139 408 260 474 semper
287 387 377 454 illum
406 386 499 465 diem,
529 396 562 452 et
587 387 665 453 illud
693 409 817 466 munus,
848 387 957 454 solitus
988 410 1078 457 esses

140 491 233 554 obire.

182 593 211 652 8.
239 587 419 654 Scmvonr.
467 586 622 669 Quaerunt
642 586 779 672 quidem,
797 587 835 654 0.
852 587 942 666 Laeli,
963 589 1075 668 multi,

140 697 177 752 ut
190 698 238 753 est
252 690 271 752 a
285 687 407 753 Fannio
429 687 569 753 dictum:
594 688 648 753 sed
662 710 721 773 ego
736 687 769 752 id
783 688 965 773 respondeo,
983 691 1076 775 quod

139 790 431 855 animadverti-te
463 789 610 866 dolorem,
644 811 739 874 quem
774 789 930 876 acceperis
967 813 1074 874 quum

139 888 251 952 summi
270 888 330 954 viri
357 896 428 954 tum
449 886 625 953 amicissimi
647 900 758 964 morte,
781 887 864 954 ferre
885 889 1072 956 moderate:

138 1009 197 1052 nec
222 986 359 1072 potuisse
384 1009 448 1051 non
473 989 670 1064 commoveri,
693 1009 752 1052 nec
776 986 873 1052 fuisse
897 987 931 1052 id
955 987 1072 1055 huma-

138 1088 245 1154 nitatis
260 1099 341 1154 tuae:
365 1089 448 1176 quod
462 1097 568 1154 autem
582 1088 630 1154 his
645 1087 680 1153 N
681 1089 749 1153 onis
763 1087 798 1153 in
812 1097 919 1153 nostro
934 1087 1072 1176 collegio

139 1212 202 1253 non
217 1191 365 1269 affuisses,
379 1190 624 1256 invaletudinem
646 1213 781 1269 causam,
796 1213 861 1257 non
874 1191 1071 1271 moestitiam,

138 1289 244 1357 fuisse.

182 1393 336 1456 Lnnrus
381 1391 482 1456 Recte
506 1399 544 1456 tu
569 1391 708 1476 quidem,
734 1391 881 1469 Scaevola,
912 1402 946 1458 et
974 1393 1070 1471 νεώς

139 1512 197 1555 nec
211 1492 294 1554 enim
308 1493 347 1555 ab
362 1489 422 1555 isto
438 1490 547 1568 officio,
563 1492 648 1575 quod
663 1514 784 1578 semper
799 1492 947 1578 usurpavi
968 1515 1073 1578 quum

139 1589 284 1665 valerem,
314 1590 426 1655 abduci
454 1590 648 1657 incommodo
676 1615 747 1657 meo
776 1593 897 1658 debuit
918 1615 977 1658 nec
1004 1595 1072 1660 ullo

140 1713 214 1756 casu
235 1691 369 1754 arbitror
389 1690 448 1754 boo
469 1691 625 1755 constanti
640 1691 758 1756 homini
772 1715 861 1777 posse
875 1694 1072 1780 contingere,

140 1800 178 1855 ut
192 1791 257 1855 ulla
270 1788 457 1855 intermissio
472 1789 529 1855 fiat
544 1790 645 1855 officii.
693 1796 723 1855 9.
749 1791 800 1855 Tu
819 1802 934 1868 autem,
952 1793 1071 1870 Fanni,

140 1891 197 1977 qui
225 1890 304 1955 mihi
330 1899 455 1956 tantum
488 1889 587 1955 tribui
618 1890 705 1968 dicis,
740 1900 894 1975 quantum
923 1914 981 1974 ego
1012 1915 1073 1960 nec

140 2015 274 2080 agnosco
302 2013 360 2057 nec
393 1990 528 2076 postulo,
558 1989 634 2058 facis
674 1991 792 2056 amici:
830 1992 893 2069 sed,
924 2002 962 2058 ut
990 1995 1073 2059 mihi

36 2122 49 2131 ·
140 2093 263 2172 videris,
288 2116 353 2158 non
378 2093 465 2159 recte
482 2091 669 2177 judicasde
695 2091 826 2159 Catone.
883 2091 955 2159 Aut
984 2095 1072 2161 enim

139 2218 241 2271 nemo,
265 2195 350 2280 quod
375 2194 502 2278 quidem
523 2193 622 2280 magis
644 2194 745 2271 credo,
761 2203 827 2272 aut,
843 2194 870 2258 si
889 2195 1071 2280 quisquam,

139 2296 192 2360 ille
208 2295 329 2379 sopiens
348 2293 419 2358 fuit.
466 2292 632 2374 Quomodb
652 2293 746 2371 enim,
767 2304 805 2359 ut
827 2293 888 2358 alia
911 2295 1070 2374 omittam,

140 2405 272 2460 mortem
299 2392 357 2457 filii
382 2392 477 2458 tulitl
525 2393 733 2459 Memineram
753 2395 912 2472 Paullum,
927 2395 1071 2463 videram

141 2494 287 2561 Gallum:
312 2492 367 2558 sed
380 2491 415 2556 hi
427 2492 462 2556 in
476 2493 589 2578 pueris,
607 2493 688 2564 Cato
710 2495 743 2559 in
765 2496 903 2580 perfecto
925 2504 959 2561 ct
980 2513 1072 2583 specs

139 2602 207 2661 tato
227 2595 303 2660 viro.
351 2599 401 2657 10.
427 2593 639 2675 Quamobrem
660 2617 735 2662 cave
758 2596 873 2664 Catoni
896 2607 1072 2683 anteponas

138 2718 179 2761 ne
192 2694 288 2759 istum
303 2693 429 2778 quidem
444 2695 555 2780 ipsum,
572 2717 665 2780 quem
681 2695 809 2782 Apollo,
823 2706 860 2762 ut
874 2701 929 2773 ais,
945 2697 1072 2783 sapien-

137 2797 293 2864 tissimum
310 2795 472 2881 judicavit.
519 2794 626 2880 Hujus
649 2796 733 2862 enim
755 2796 849 2873 facta,
874 2797 959 2862 illius
982 2798 1071 2866 diota

137 2896 313 2961 laudantur.
367 2893 420 2959 De
448 2916 499 2960 me
527 2907 642 2972 autem,
672 2904 710 2961 ut
733 2897 801 2981 jam
830 2918 902 2961 cum
930 2906 1070 2983 utroque

136 2997 257 3082 loquar,
272 2995 316 3062 sic
330 2994 486 3062 habetote.

179 3197 246 3263 ΠΙ.
271 3197 353 3282 Ego,
369 3196 396 3261 si
412 3194 566 3281 Scipionis
581 3194 732 3261 desiderio
745 3217 796 3261 me
809 3197 927 3263 moveri
941 3221 1069 3287 negem,

136 3298 231 3382 quam
244 3296 277 3361 id
296 3296 381 3360 rectb
402 3294 525 3372 faciam,
547 3294 684 3360 viderint
706 3294 881 3380 sapientes3
904 3297 958 3362 sed
981 3303 1069 3368 certa

135 3397 275 3464 mentiar.
320 3395 453 3461 Movcor
467 3396 549 3461 enim
563 3395 623 3461 tali·
634 3395 733 3461 amico
748 3397 884 3474 orbatus,
899 3398 1012 3484 qualis,
1028 3414 1069 3470 ut

34 3527 37 3533 ·
135 3495 276 3573 arbitror,
292 3516 384 3562 nemo
399 3517 540 3580 unquam
560 3495 641 3570 erit3
665 3504 707 3572 ct,
728 3504 766 3560 ut
788 3496 970 3565 confirmare
992 3522 1068 3586 pos·
1089 3548 1092 3555 .
