2258 3916
87 201 126 260 82
410 196 523 258 CATO
542 197 695 258 MAJOR.

86 365 168 430 tura
213 362 329 447 Itaque
356 361 564 428 adolescentes
589 365 667 427 mori
691 364 736 428 sic
758 363 833 428 mibi
856 365 1023 447 videntur,

85 474 124 528 ut
142 484 240 547 quum
260 485 349 547 aqua
369 463 570 528 multitudine
591 464 639 527 vis
656 465 787 527 flnmmae
807 467 1020 549 opprimitur5

86 584 175 627 senes
199 573 314 638 autem,
344 561 426 626 deut
454 565 511 627 sud
539 574 659 648 sponte,
688 563 776 626 nullst
802 564 943 630 adhibita
974 569 1020 645 vi,

86 674 268 728 consumtus
295 662 378 748 ignis
401 664 622 749 exstingrdum
667 663 714 727 Et
738 665 828 747 quasi
854 686 950 748 poma
977 690 1021 733 ex

86 763 256 839 arboribus,
278 762 415 827 sioruda
433 775 518 838 sunt,
541 763 573 827 vi
586 762 775 839 avelluntur,
796 763 963 830 simatura
985 781 1020 833 et

85 873 184 939 cocta,
206 862 373 936 decidunt3
395 861 440 927 sic
453 862 552 926 vitam
572 861 819 927 adolescentibus
832 863 880 927 vis
896 865 1019 944 aufert,

85 963 210 1030 senibus
229 963 400 1028 maturitas.
448 963 528 1045 Quae
549 963 626 1026 mibi
640 964 767 1047 quidem
789 978 854 1028 tam
871 965 1021 1048 jucunda

20 1070 26 1173 i
85 1076 143 1142 est,
172 1075 219 1142 ut,
248 1065 312 1151 qud
340 1065 467 1151 propius
506 1065 546 1128 ad
574 1077 706 1129 mortem
732 1062 886 1141 accedam,
922 1071 1020 1150 quasi

84 1180 200 1234 terram
227 1168 333 1234 videre
358 1168 473 1244 videar,
503 1167 733 1251 aliquandoque
762 1168 796 1232 in
823 1179 951 1254 portum
974 1194 1019 1238 ex

83 1268 179 1358 longa
191 1270 389 1356 navigatione
403 1291 469 1335 esse
483 1279 643 1336 venturum

128 1470 212 1536 XX.
237 1472 288 1536 72.
312 1466 464 1536 Omnium
489 1478 617 1533 aetatum
638 1479 741 1534 certus
766 1479 814 1534 est
835 1469 1014 1538 terminus:

85 1569 255 1636 senectutis
265 1581 371 1634 autem
382 1569 487 1634 nullus
498 1581 602 1635 certus
613 1581 660 1634 est
671 1570 840 1646 terminus3
863 1572 1017 1656 motoque

84 1671 118 1736 iu
143 1671 181 1736 ea
194 1669 321 1746 vivitur,
338 1670 440 1753 quoad
462 1692 575 1734 munus
601 1670 694 1734 officii
720 1671 849 1754 exsequi
873 1680 906 1736 et
926 1674 1017 1739 tueri

83 1769 191 1858 possis,
207 1780 239 1836 et
254 1781 359 1836 tamen
374 1779 505 1835 mortem
520 1779 727 1836 contemnere.
766 1771 818 1834 Ex
832 1793 895 1855 quo
908 1772 958 1850 fit,
973 1786 1016 1841 ut

83 1871 249 1937 animosior
273 1869 367 1935 etiam
392 1880 535 1935 senectus
560 1871 604 1951 sit
625 1872 719 1954 quam
742 1870 959 1951 adolescentia,
978 1885 1015 1940 et

82 1972 201 2039 fortior.
249 1970 321 2037 Hoc
346 1970 425 2035 illud
450 1979 508 2046 est,
532 1970 616 2053 quod
642 1969 807 2034 Pisistrato
830 1983 967 2056 tyranno
992 1975 1015 2040 a

82 2274 164 2340 disse
174 2273 298 2348 dicitur,
315 2275 475 2335 Senectute.
503 2269 566 2336 Sed
577 2270 702 2334 vivendi
713 2269 784 2334 finis
800 2281 846 2336 est
861 2271 1011 2355 optimus,

83 2394 190 2457 quum,
206 2371 328 2457 integret
351 2381 454 2434 mente
477 2370 650 2453 ceterisque
676 2370 825 2446 sensibus,
842 2394 919 2456 opus
942 2372 1013 2456 ipsa

82 2494 175 2537 suum
189 2470 305 2545 cadem,
323 2468 394 2552 quae
406 2470 644 2554 coagmentavit,
659 2477 772 2534 natura
786 2471 933 2536 dissolvit.
960 2473 1013 2541 Ut

16 2636 18 2641 ,
82 2591 204 2645 navem,
230 2577 268 2632 ut
296 2566 469 2643 aedificium,
497 2567 579 2630 idem
608 2566 741 2633 destruit
770 2567 925 2646 facillime,
953 2574 1014 2654 qui

82 2667 278 2736 construxit:
302 2667 346 2733 sic
361 2668 515 2732 hominem
531 2669 638 2731 eadem
653 2668 779 2752 optime,
795 2691 865 2752 quae
881 2672 1014 2756 conglu-

81 2768 205 2845 tinavit,
226 2777 338 2832 natura
363 2767 512 2833 dissolvit.
558 2766 634 2832 Jam
656 2768 756 2832 omnis
781 2769 1013 2854 conglutinatio

83 2889 191 2932 recens
212 2866 304 2952 aegrd,
320 2865 494 2932 inveterata
509 2865 608 2942 facile,
624 2867 792 2933 divellitur.
837 2868 890 2933 Ita
909 2869 955 2945 fit,
972 2885 1013 2939 ut

79 2955 160 3032 illud
187 2969 281 3033 breve
307 2967 380 3032 vita
408 2966 563 3050 reliquum
592 2989 650 3031 nec
681 2968 770 3032 avide
798 2970 1013 3053 appetendum

83 3067 303 3144 senibusque
331 3068 398 3133 sind
427 3067 518 3132 causa
546 3067 748 3132 deserendum
777 3069 835 3132 sit:
860 3080 1012 3154 vetatque

83 3165 290 3253 Pythagoras,
306 3166 425 3252 injussu
441 3165 650 3251 Imperatoris,
666 3166 699 3230 id
716 3178 773 3242 est,
790 3167 863 3245 Dei,
878 3170 917 3233 de
932 3193 1012 3255 prse-
1047 3216 1058 3240 ,,

84 3267 161 3333 sidio
181 3276 213 3332 et
228 3266 361 3332 statione
376 3266 448 3332 vitae
465 3266 621 3332 decedere.
669 3269 718 3333 73.
745 3265 866 3332 Solonis
881 3270 1012 3352 quidem

84 3364 230 3452 sapientis
260 3365 396 3452 elogium
427 3375 484 3441 est,
514 3388 578 3450 quo
614 3387 646 3429 se
682 3377 775 3451 negat
804 3367 884 3433 velle
920 3391 1012 3436 suam

83 3475 215 3534 mortem
229 3465 333 3534 dolore
359 3465 528 3532 amicorum
542 3477 576 3532 et
589 3465 732 3532 lamentis
755 3489 873 3534 vacare.
913 3469 1009 3550 Vult,
