2258 3916
96 211 135 269 54
465 210 639 271 LAELlUS.

95 375 159 438 uui
184 395 256 438 cum
281 375 433 458 praetexta
458 387 657 460 ponerentur.
694 379 744 439 34.
775 374 829 441 Sin
853 387 958 441 autem
991 379 1034 445 ad

96 473 331 539 adolescentiam
361 475 589 560 perduxissent,
616 475 718 539 dirimi
745 485 848 539 tamen
869 475 1032 543 interdum

95 574 295 639 contentione
315 575 365 640 vel
388 576 504 640 uxoriae
525 576 709 641 conditionis
732 577 783 640 vel
803 578 956 641 commodi
972 579 1031 642 ali-

96 675 194 758 cujus,
209 675 293 758 quod
308 674 390 740 idem
406 675 532 761 adipisci
548 687 680 761 uterque
694 699 754 741 non
771 689 882 760 posset.
929 677 1031 759 Qubd

96 773 121 836 si
136 774 191 859 qui
206 774 329 859 longius
344 775 378 838 in
393 775 528 840 amicitia
542 777 681 861 provecti
696 786 808 852 essent,
824 787 929 840 tamen
944 801 1029 864 saepe

95 872 284 949 labefactari,
307 875 333 938 si
356 875 390 938 in
415 875 539 940 honoris
565 876 795 942 contentionem
822 876 1025 943 incidissent:

95 984 213 1057 pestem
230 973 314 1039 enim
333 975 478 1059 majorem
500 998 565 1040 esse
579 976 697 1041 nullam
712 975 865 1052 amicitiis,
881 976 978 1058 quarn
993 977 1027 1042 iu

87 1073 250 1158 plerisque
272 1077 411 1160 pecuniae
428 1077 640 1161 cupiditatem,
656 1077 687 1139 in
708 1075 832 1160 optimis
848 1075 1028 1161 quibusque

94 1171 219 1236 honoris
227 1184 384 1239 certamen
392 1185 424 1238 et
433 1173 538 1259 gloriae
548 1198 555 1239 :
567 1196 605 1237 ex
616 1196 678 1257 quo
688 1173 1028 1240 inimicitiasmaximas

95 1295 175 1358 sape
194 1273 276 1338 inter
296 1273 494 1338 amicissimos
513 1274 678 1339 exstitisse.
725 1278 776 1338 35.
798 1273 919 1358 Magna
939 1275 1027 1340 enim

95 1373 219 1437 dissidia
234 1383 266 1437 et
291 1372 475 1458 plerumque
490 1375 577 1458 justa
602 1374 697 1451 nasci,
722 1396 820 1459 quum
841 1374 960 1458 aliquid
985 1377 1027 1441 ab

95 1473 210 1549 amicis,
234 1473 318 1556 quod
336 1483 458 1538 rectum
472 1497 535 1540 non
556 1486 645 1551 esset,
666 1475 893 1560 postularetur3
913 1485 951 1540 ut
968 1487 1027 1542 aut

95 1571 232 1636 libidinis
253 1572 397 1650 ministri,
421 1585 476 1640 aut
498 1576 655 1660 adjutores
677 1585 780 1639 essent
801 1575 840 1638 ad
863 1575 1026 1659 injuriam.

98 1668 192 1750 Quod
217 1670 273 1753 qui
296 1682 484 1749 recusarent,
511 1671 652 1754 quamvis
671 1670 800 1736 honeste
822 1671 854 1734 id
874 1671 1028 1752 facerent,

93 1769 144 1853 jus
159 1779 263 1833 tamen
274 1768 415 1833 amicitiae
430 1769 568 1834 deserere
579 1782 784 1856 arguerentur
798 1773 837 1834 ab
848 1771 894 1847 iis,
908 1773 1030 1856 quibus

96 1863 224 1953 obsequi
246 1867 383 1933 nollent:
404 1868 474 1933 illos
499 1879 615 1946 autem,
639 1871 693 1955 qui
717 1871 840 1954 quidvis
861 1871 901 1937 ab
923 1873 1029 1942 amico

95 1967 244 2032 auderent
265 1967 432 2052 postulare,
447 1969 655 2052 postulatione
675 1970 741 2056 ipsa
765 1970 903 2055 profiteri
918 1973 1028 2039 omniu

94 2090 128 2133 se
145 2067 235 2133 amici
257 2068 349 2133 caust
371 2091 436 2134 esse
456 2069 602 2135 facturos.
646 2071 766 2135 Eorum
787 2071 914 2154 querela
933 2072 1027 2139 iuve-

94 2177 209 2233 teratas
228 2191 291 2234 nou
314 2169 404 2234 modo
423 2170 648 2236 familiaritates
668 2171 824 2256 exstingui
839 2171 947 2251 solere,
968 2176 1027 2241 sed

94 2270 188 2333 etiam
210 2269 281 2333 odia
300 2269 388 2354 gigni
408 2272 603 2356 sempiterna.
649 2271 729 2337 Haec
747 2272 793 2336 ita
807 2272 916 2348 multa,
932 2277 1027 2357 quasi

93 2367 169 2444 fata,
184 2368 362 2453 impendere
384 2370 536 2448 amicitiis,
552 2383 589 2435 ut
610 2370 713 2434 omnia
728 2370 944 2456 subterfugere
959 2395 1027 2438 non

94 2468 185 2532 modo
200 2466 357 2553 sapientia
372 2469 425 2532 sed
437 2471 531 2534 etiam
541 2469 700 2534 felicitatis
710 2469 827 2534 diceret
842 2470 900 2535 sibi
912 2471 1026 2539 videri.

138 2667 203 2733 XI.
217 2671 268 2732 36.
283 2666 493 2748 Quamobrem
505 2670 536 2732 id
548 2669 681 2752 primurn
693 2668 861 2746 videamus,
874 2669 899 2733 si
909 2669 1026 2755 placet,

67 2759 69 2762 ⁵
95 2777 249 2853 quatenus
270 2787 356 2831 amor
376 2767 409 2830 in
431 2768 566 2833 amicitia
590 2769 734 2853 progredi
756 2769 875 2834 debeat.
923 2769 1026 2851 Num,

94 2868 121 2932 si
151 2864 335 2932 Coriolanus
363 2866 473 2930 habuit
502 2867 625 2943 amicos,
651 2868 733 2934 ferre
758 2879 865 2934 contra
890 2871 1028 2954 patriam

84 2989 180 3031 anna
193 2967 239 3030 illi
253 2988 325 3032 cum
342 2965 507 3033 Coriolano
521 2968 679 3034 debuere?
714 2970 800 3034 Num
816 2971 1027 3038 Viscellinum

94 3065 185 3130 amici
202 3088 334 3151 regnum
355 3075 563 3151 appetentem,
585 3090 662 3133 num
680 3068 733 3154 Sp.
751 3069 891 3134 Maelium
907 3070 1028 3137 debue-

94 3174 170 3231 runt
179 3166 312 3250 juvare?
346 3168 396 3230 37.
416 3165 463 3228 Ti.
475 3165 601 3249 quidem
615 3167 790 3233 Gracchum
800 3171 1027 3254 rempublicam
1062 3231 1068 3246 ,

95 3276 261 3335 vexantem
282 3266 358 3348 ἐρ.
376 3267 542 3333 Tuberone
557 3269 789 3352 aqualibusque
815 3272 921 3335 amicis
936 3273 1026 3339 dere·

94 3369 205 3434 lictum
219 3367 408 3434 videbamus.
454 3369 503 3433 At
515 3368 551 3436 C.
565 3368 714 3445 Blossius,
729 3368 900 3449 Cumanus,
912 3372 1029 3462 hospes

96 3468 219 3534 familia
241 3478 363 3546 vestra,
385 3466 529 3546 Scaevola,
553 3491 652 3553 quum
675 3469 796 3549 adme,
819 3474 875 3555 qui
900 3473 1029 3543 aderam

96 3568 220 3636 Lauati
235 3580 268 3635 et
282 3568 412 3655 Rupilio
430 3569 608 3638 consulibus
622 3568 656 3637 in
671 3571 808 3649 consilio,
824 3570 1029 3656 deprecatum
