2258 3916
428 215 518 278 CAP.
538 214 596 274 XL
616 213 687 272 XII.
985 210 1020 276 17

97 369 255 466 tamquam
279 403 395 458 arcum,
413 379 557 457 habebat,
573 383 631 445 ne'o
652 379 857 464 languescens
879 397 1021 442 succum-

96 483 187 548 bebat
213 483 374 548 senectuti.
421 480 563 547 Tenebat
589 502 652 545 nou
678 479 768 544 modd
794 481 1020 556 auctoritatem,

94 586 149 651 sed
164 585 256 651 etiam
271 585 435 670 imperium
457 585 489 648 in
512 607 604 659 suos;
631 583 814 649 metuebant
828 582 919 658 servi,
934 605 1022 647 vere·

95 690 211 752 bantur
224 686 322 762 liberi,
339 708 444 750 carum
459 709 566 750 omnes
583 686 757 751 habebant:
780 684 906 770 vigebat
921 685 953 748 in
969 684 1022 748 illa

95 790 186 854 domo
197 788 316 872 patrius
330 810 406 863 mos,
420 797 452 852 et
462 787 631 872 disciplina.
678 791 728 850 38.
753 785 805 850 Ita
819 786 901 850 enim
916 808 1022 851 senec·

94 901 147 954 tus
161 891 291 954 honesta
305 898 361 964 est,
373 889 398 952 ri
413 889 523 973 seipsa
538 888 685 963 defendit,
695 888 721 952 si
730 888 783 971 jus
795 909 885 951 suum
896 888 1021 964 retinet,

96 992 122 1056 si
151 991 268 1057 nemini
297 990 490 1076 emancipata
519 999 575 1076 est,
602 989 629 1053 si
653 1011 751 1073 usque
780 989 819 1073 ad
848 999 1023 1054 extremum

96 1093 239 1178 spiritum
254 1091 432 1157 dominatur
445 1092 479 1154 in
497 1113 578 1172 suos.
624 1090 674 1156 Ut
689 1090 771 1155 enim
786 1090 1021 1168 adolescentem,
1123 1151 1127 1161 .

95 1195 129 1259 in
141 1217 204 1279 quo
216 1193 311 1259 senile
321 1193 449 1276 aliquid,
462 1193 505 1257 sio
517 1214 630 1269 senem,
642 1192 675 1256 in
688 1214 751 1276 quo
760 1202 808 1257 est
822 1193 1023 1258 adolescentis

95 1296 222 1380 aliquid,
239 1299 353 1382 probo:
371 1294 456 1380 quod
471 1295 526 1378 qui
541 1289 692 1378 sequitur,
707 1316 833 1379 corpore
848 1317 943 1360 senex
957 1301 1023 1360 esse

96 1400 222 1484 poterit,
247 1399 351 1464 animo
372 1419 534 1482 nunquam
557 1391 625 1462 erit.
673 1397 832 1482 Septimus
853 1398 930 1461 mihi
951 1400 1023 1462 Ori·

92 1505 198 1588 pirrum
228 1499 307 1566 liber
342 1512 389 1565 est
421 1501 454 1563 in
488 1495 650 1575 manibus3
688 1500 791 1565 omnia
826 1500 1023 1583 antiquitatis

95 1614 295 1667 monumenta
305 1601 434 1689 colligo;
450 1604 612 1667 causarum
621 1601 799 1679 illustrium,
810 1624 1023 1686 quascumque

96 1703 228 1780 defendi,
237 1726 323 1772 nuuc
332 1696 429 1787 quum
441 1703 575 1768 maxime
586 1703 715 1769 conficio
726 1702 879 1768 orationes
884 1727 893 1779 ;
906 1704 958 1788 jus
967 1727 1023 1768 au-

95 1804 230 1889 gurium,
242 1804 445 1888 pontificium,
456 1803 669 1880 civile'traot03
682 1805 817 1869 multirm
830 1805 924 1869 etiam
934 1802 1023 1869 Grae-

96 1905 140 1969 cis
157 1892 254 1970 literis
264 1916 350 1980 utor3
377 1903 709 1990 Pythagoreorumque
731 1927 827 1980 more,
844 1904 1022 1969 exercendae

96 2005 250 2069 memoriae
270 2005 379 2091 gratia,
403 2005 479 2088 quid
495 2027 620 2089 quoque
635 2005 684 2070 die
699 2005 840 2080 dixerim,
862 2005 1031 2086 audierim,

96 2105 223 2192 egerim,
239 2126 443 2169 commemoro
458 2105 586 2190 vesperi.
622 2104 684 2168 Hae
698 2114 773 2169 sunt
787 2103 1023 2169 exercitationes

96 2206 224 2294 ingenii,
240 2206 305 2271 haec
326 2206 479 2271 curricula
494 2205 625 2284 mentis3
649 2205 683 2269 in
697 2205 745 2270 his
759 2205 912 2270 desudans
927 2217 1023 2290 atque

97 2305 257 2375 elaborans
292 2307 434 2393 corporis
456 2308 538 2372 vires
566 2330 630 2372 non
658 2329 843 2394 magnopere
872 2307 1020 2374 desidero.

96 2403 221 2474 Adsum
243 2409 358 2484 amicis,
373 2409 465 2474 venio
486 2409 520 2473 in
541 2402 683 2474 senatum
703 2409 860 2494 frequens,
875 2409 1023 2495 ultroque

96 2512 190 2576 affero
215 2533 264 2576 res
289 2506 424 2575 multllm
449 2520 484 2575 et
507 2510 562 2576 diu
591 2511 762 2597 cogitatas;
795 2509 908 2596 eaeque
933 2522 1023 2578 tueor

96 2613 201 2688 animi,
217 2634 280 2676 non
294 2611 429 2697 corporis
443 2611 570 2677 viribus.
617 2611 697 2694 Quae
714 2611 741 2676 si
763 2613 891 2698 exsequi
912 2614 1023 2697 nequi-

97 2735 172 2790 rem,
188 2722 294 2778 tamen
308 2735 358 2778 me
372 2712 505 2778 lectulus
519 2713 688 2778 oblectaret
702 2735 789 2778 meua
807 2736 844 2778 ea
857 2715 924 2799 ipsa
939 2716 1023 2801 cogi·

96 2823 227 2892 tantem,
242 2836 313 2898 quae
328 2814 395 2897 jam
414 2836 505 2899 agere
519 2836 582 2878 non
597 2827 735 2902 possem:
760 2815 823 2891 sed,
838 2826 876 2879 ut
897 2817 1035 2907 possim,¹

97 2916 173 2981 facit
194 2927 262 2999 aota
277 2916 350 2980 vita
399 2915 528 3000 Semper
549 2915 631 2980 enim
653 2915 687 2978 in
708 2915 757 2980 his
779 2917 889 2980 studiis
908 2917 1022 2983 labori-

97 3017 219 3100 busque
255 3017 375 3082 viventi
409 3039 472 3083 uon
508 3016 704 3103 intelligitur,
733 3018 858 3100 quaudo
874 3040 877 3045 ·
894 3021 1023 3104 obrepat

98 3127 249 3182 senectus.
295 3118 348 3183 Ita
369 3119 483 3184 sensim
504 3119 570 3184 sine
590 3141 680 3194 sensu
695 3130 769 3183 aetas
791 3119 940 3184 senescit:
964 3142 1022 3186 nec

97 3219 203 3285 subitd
217 3219 383 3307 frangitur,
399 3221 453 3286 sed
467 3219 673 3286 diuturnitate
688 3221 908 3307 exstinguitur.

99 3386 102 3391 Ι
141 3419 227 3486 XIL
251 3425 303 3486 39.
333 3420 483 3507 Sequitur
507 3421 601 3488 tertia
628 3422 815 3510 vituperatio
844 3426 1021 3504 senectutis,

97 3521 183 3612 qudd
197 3544 267 3592 eam
285 3544 388 3590 carere
404 3524 512 3591 dicunt
527 3523 750 3622 voluptatibus.
797 3524 828 3592 Ο
843 3525 1024 3613 praeclarum
