2258 3916
406 193 497 254 CAP.
517 193 604 252 XIX.
625 191 698 252 XX.
950 192 991 256 67

62 381 132 445 quoe
154 368 228 424 sunt
250 357 430 435 inanimata,
454 357 646 424 consuetudo
668 357 769 422 valet:
795 380 894 440 quum
907 356 992 424 locis

61 460 134 546 ipsis
150 461 353 537 delectemur,
373 460 545 524 montuosis
560 459 654 524 etiam
673 471 706 524 et
726 458 943 545 sylvestribus,
957 459 991 523 in

61 558 175 643 quibus
191 559 307 623 diutins
323 558 505 623 commorati
519 580 636 622 sumus.

104 663 154 723 69.
194 658 257 724 Sed
288 657 461 722 maximum
491 667 540 723 est
569 657 604 720 in
633 655 773 721 amicitia
801 656 991 742 superiorem

60 781 165 844 parem
183 780 249 823 esse
264 757 411 823 inferiori.
453 755 542 843 Saepe
553 756 637 822 enim
649 756 840 822 excellentiae
849 756 991 839 quaedam

60 866 152 936 aunt;
177 857 278 940 qualis
301 866 368 922 erat
392 855 547 942 Scipionis
568 855 602 918 in
623 866 740 931 nostro,
758 865 796 920 ut
815 855 860 919 ita
879 855 990 931 dicam,

59 979 163 1042 grege.
211 956 386 1040 Nunquam
408 977 442 1020 se
462 955 517 1020 ille
539 954 643 1032 Philo,
666 977 827 1037 nunquam
849 954 990 1040 Rupilio,

60 1077 222 1138 nunqnam
252 1052 413 1118 Mummio
438 1054 627 1138 anteposuit,
654 1075 815 1136 nunquam
838 1053 992 1120 inferioris

60 1155 176 1219 ordinis
187 1154 303 1218 amicis.
345 1153 386 1235 Q.
398 1154 472 1220 verb
483 1153 661 1218 Maximum
675 1152 813 1229 fratrem,
830 1155 991 1240 egregium

60 1257 164 1321 virum
198 1256 335 1333 omnino,
369 1256 428 1321 sibi
458 1278 658 1340 nequaquam
689 1278 805 1340 parem,
844 1257 928 1340 quod
963 1257 992 1322 is

60 1359 202 1423 anteibat
216 1373 318 1435 aetate,
331 1368 493 1442 tamquam
505 1357 695 1444 superiorem
710 1358 840 1434 colebat,
856 1381 992 1443 suosque

60 1482 167 1524 omnes
195 1482 251 1544 per
280 1482 312 1524 se
342 1482 408 1524 esse
437 1458 602 1545 ampliores
628 1459 762 1524 volebat.
804 1463 870 1541 ,70.
897 1459 993 1541 Quod

60 1558 237 1650 faciendum
266 1559 516 1645 imitandumque
540 1568 588 1625 est
613 1559 768 1633 omnibus,
796 1570 843 1637 ut,
870 1561 991 1644 siquam

61 1660 271 1743 praestantiam
287 1660 424 1737 virtutis,
439 1659 567 1746 ingenii,
582 1659 717 1724 fortunae
731 1661 889 1725 consecuti
906 1673 990 1739 sunt,
1073 1664 1078 1674 ⁴

62 1761 244 1846 impertiant
258 1761 331 1838 suis,
347 1760 641 1846 communicentque
661 1782 733 1826 cum
753 1761 919 1847 proximis3
942 1774 990 1840 ut,

62 1863 89 1931 si
117 1862 299 1946 parentibus
327 1861 395 1927 nati
429 1861 493 1927 sint
528 1860 708 1936 humilibus,
743 1861 771 1923 si
801 1860 992 1946 propinquos

61 1965 197 2028 habeant
220 1962 439 2028 imbecilliores
457 1961 508 2028 vel
526 1961 630 2027 animo
652 1961 704 2028 vel
725 1961 861 2040 fortuna,
884 1986 992 2030 eorum

62 2073 198 2149 augeant
215 2085 301 2147 opes,
320 2062 428 2147 eisque
442 2062 553 2127 honori
567 2062 631 2127 sint
646 2071 680 2127 et
694 2061 848 2147 dignitati.
894 2064 992 2130 Utin

63 2162 205 2238 Fabulis,
222 2162 278 2246 qui
293 2161 485 2245 aliquamdiu
498 2170 625 2247 propter
640 2161 867 2248 ignorationem
887 2163 992 2249 stirpis

63 2275 96 2347 et
111 2263 232 2349 generis
246 2264 278 2326 in
294 2262 448 2327 famulatu
464 2261 594 2339 fuerint,
616 2285 715 2346 quum
738 2263 857 2348 cogniti
871 2281 945 2330 sunt
959 2279 993 2332 et

63 2375 119 2428 aut
135 2364 274 2428 Deorum
294 2375 349 2428 aut
370 2384 480 2448 regum
500 2361 558 2426 filii
576 2362 707 2439 inventi,
729 2363 867 2431 retinent
887 2377 993 2431 tamen

64 2463 225 2529 caritatem
239 2462 272 2525 in
287 2472 435 2546 pastores,
452 2483 530 2544 quos
548 2471 653 2547 patres
673 2463 787 2528 multos
807 2487 904 2529 annos
927 2488 993 2532 esse
1049 2491 1052 2500 ·

64 2562 231 2625 duxerunt.
279 2559 374 2642 Quod
397 2559 523 2642 quidem
546 2571 594 2626 est
608 2561 708 2648 multb
732 2562 870 2647 profecti)
893 2564 994 2651 magis

64 2663 98 2726 in
114 2664 193 2728 veris
208 2661 348 2746 patribus
362 2660 519 2745 certisque
534 2661 718 2727 faciendum.
756 2662 895 2729 Fructus
910 2667 994 2731 enim

64 2754 182 2848 ingenii
194 2773 226 2829 et
238 2761 366 2828 virtutis
380 2763 543 2847 omnisque
558 2761 742 2848 praetantiae
756 2773 825 2828 tum
839 2764 993 2831 maximus

65 2869 197 2952 capitur,
213 2890 312 2952 quum
326 2867 360 2930 in
374 2867 552 2953 proximum
567 2888 723 2952 quemque
737 2867 904 2933 confertur.

65 3137 69 3144 ,
110 3067 194 3131 ΧΧ.
220 3069 271 3134 71.
295 3068 344 3134 Ut
364 3067 462 3154 igitur
481 3067 513 3144 ii,
536 3069 591 3150 qui
611 3067 738 3134 suntin
759 3068 901 3135 amicitia
920 3093 994 3136 con·

61 3166 297 3255 junctionisque
318 3167 547 3233 necessitudine
565 3168 748 3253 superiores,
771 3192 934 3254 exaequare
960 3193 994 3236 se

66 3288 138 3331 cum
162 3265 360 3331 inferioribus
383 3266 518 3343 debent3
545 3267 589 3333 sic
608 3266 770 3334 inferiores
792 3292 855 3334 non
878 3268 992 3346 dolere,

65 3389 99 3432 sc
131 3365 150 3431 d
180 3365 244 3430 suis
271 3376 328 3430 aut
352 3365 480 3452 ingenio
509 3376 566 3432 aut
594 3366 723 3432 fortuna
751 3379 809 3434 aut
839 3367 994 3453 dignitate

66 3466 213 3553 superari.
258 3464 402 3549 Quorum
423 3467 565 3555 plerique
590 3479 646 3536 aut
670 3480 847 3556 queruntur
872 3489 995 3558 semper

1020 3530 1064 3616 d
