2258 3916
448 190 540 254 OAP.
552 191 672 252 xxm.
987 193 1024 257 37

99 379 220 443 semper
245 356 290 422 ita
313 355 530 442 prospiciebat,
556 356 655 442 quasi,
684 379 782 441 quum
805 357 984 423 excessisset
1006 358 1025 424 ὲ

98 459 173 535 vite,
190 471 259 524 tum
280 459 416 542 denique
430 460 571 524 victurus
593 469 681 524 esset.
729 458 823 542 Quod
846 459 972 543 quidem
992 461 1026 523 ni

97 558 143 623 ita
172 581 205 625 se
234 559 371 636 haberet,
395 569 432 624 ut
460 559 556 624 animi
584 559 773 625 immortales
802 569 915 637 essent,
941 560 1026 625 hund

96 659 209 744 optimi
232 661 383 744 cujusque
402 659 524 725 unimus
545 660 680 725 maxime
702 659 741 724 ad
760 659 1025 725 immortalitatem

97 759 204 846 gloriae
214 760 376 824 niteretur.
412 765 462 824 83.
480 758 576 842 Quid,
589 759 673 842 quod
684 759 929 845 sapientissimus
940 759 1025 843 quis·

97 881 160 943 que
184 859 359 943 aequissimo
382 859 486 924 animo
510 859 653 936 moritur,
669 859 872 924 stultissimus
895 859 1026 944 iniquis·

97 960 198 1024 simo?
221 959 335 1026 Nonne
346 959 435 1025 vobis
445 961 571 1026 videtur
585 960 707 1040 animus
718 960 755 1037 is,
770 960 825 1045 qui
840 960 910 1046 plus
919 970 1026 1025 cernat

98 1070 131 1126 et
145 1060 280 1146 longius,
292 1060 397 1126 videre
412 1084 444 1126 se
460 1062 498 1126 od
509 1062 638 1127 meliora
650 1061 821 1147 proficisci:
846 1061 898 1127 ille
909 1072 1025 1138 autem,

97 1159 187 1242 eujus
202 1159 342 1224 obtusior
355 1159 396 1224 sit
410 1159 500 1238 acies,
510 1182 574 1225 non
585 1161 715 1226 videre?
746 1161 903 1245 Equidem
914 1162 1026 1227 efferor

98 1257 202 1322 studio
224 1267 327 1344 patres
345 1269 474 1337 vestros,
498 1280 576 1343 quos
598 1259 681 1325 colui
703 1269 735 1325 et
757 1259 863 1337 dilexi,
880 1259 1022 1324 videndi:

96 1381 200 1443 neque
215 1359 289 1424 verd
304 1382 356 1425 eos
370 1361 471 1426 solum
486 1362 653 1427 convenire
674 1385 760 1437 eveo,
777 1383 854 1446 quos
872 1362 938 1447 ipse
952 1382 1028 1448 eog-

97 1445 172 1524 novi
184 1485 192 1535 3
209 1459 263 1524 sed
277 1459 347 1524 illos
362 1461 466 1536 etiam,
483 1461 522 1526 de
532 1460 770 1545 quibuseudivi,
784 1472 815 1527 et
827 1461 899 1547 legi,
913 1472 945 1526 et
959 1461 1025 1546 ipse

97 1558 272 1643 oonsoripsi.
309 1558 382 1640 Quo
394 1559 522 1644 quidem
536 1583 585 1625 me
599 1560 846 1646 proficiscentem
857 1560 940 1624 haud
952 1559 1025 1624 sane

96 1658 1024 1746 quisfaeileretraxerit,nequetamquamPeliamreooxerit.

98 1759 193 1841 Quod
207 1761 234 1825 si
249 1762 319 1846 quis
334 1761 424 1827 Deus
437 1763 514 1827 mihi
525 1763 687 1849 largiatur,
699 1773 736 1828 ut
747 1786 787 1828 ex
801 1763 859 1828 hoo
873 1772 965 1827 eetete
976 1785 1025 1826 re·

96 1883 278 1945 pueraseem
299 1872 332 1927 et
348 1863 382 1927 in
402 1865 491 1929 eunis
504 1866 639 1952 Vegium,
655 1865 746 1931 valde
760 1887 909 1930 recusem.
955 1863 988 1928 N
989 1885 1025 1928 ee

96 1962 171 2027 vero
183 1963 287 2039 velim,
298 1965 387 2048 quusi
395 1965 525 2031 decurso
536 1968 646 2052 spatio,
662 1967 701 2031 ad
710 1989 847 2032 oaroeres
856 1965 965 2030 doaloe
975 1987 1025 2037 re·

97 2061 209 2125 vocari.
241 2067 292 2126 84.
310 2062 397 2144 Quid
407 2065 490 2128 enim
500 2065 596 2131 habet
606 2067 672 2131 vita
684 2064 859 2131 commodi?
874 2063 950 2148 quid
961 2085 1025 2128 non

71 2212 73 2217 ,
95 2159 201 2245 potius
215 2159 353 2226 laboris?
389 2160 452 2228 Sed
465 2162 578 2229 habeut
593 2163 687 2240 sane3
710 2163 805 2228 habet
820 2162 904 2227 certe
919 2171 1024 2249 tamen

96 2271 151 2323 aut
174 2260 350 2326 satietatem
375 2272 430 2327 aut
451 2263 588 2328 modum.
634 2264 709 2329 Non
729 2248 826 2327 lubet
841 2261 924 2327 enim
947 2261 1025 2326 mihi

95 2360 256 2448 deplorare
278 2362 385 2440 vitem,
409 2364 494 2447 quod
516 2364 618 2442 multi,
634 2375 667 2430 et
688 2364 712 2429 ii
733 2363 827 2440 doeti,
843 2384 924 2448 saepe
943 2361 1024 2428 feee-

95 2471 188 2524 runt:
212 2483 316 2545 neque
337 2484 388 2526 me
412 2463 524 2528 vixisse
546 2464 688 2550 poenitet,
712 2463 859 2549 quoniam
880 2462 925 2526 ita
946 2461 1022 2539 vixi,

95 2573 133 2640 ut
155 2583 218 2625 non
240 2560 357 2628 frustra
378 2585 428 2627 me
449 2575 559 2629 nutum
581 2564 755 2631 existimem
766 2588 775 2641 ;
799 2573 832 2629 et
846 2585 885 2628 ex
899 2561 966 2632 vito
979 2561 1024 2628 ita

95 2662 228 2740 disoedo,
238 2672 399 2747 tamquam
411 2686 451 2728 ex
465 2664 610 2750 hospitio,
620 2687 685 2729 non
694 2674 856 2749 tamquam
866 2685 906 2728 ex
920 2660 1022 2727 domo.

97 2761 318 2828 Commorandi
347 2763 431 2826 enim
459 2775 571 2829 natura
599 2763 808 2830 deversorium
837 2761 936 2839 nobis,
960 2783 1025 2826 non

95 2861 256 2928 habitandi
292 2862 396 2927 locum
425 2864 520 2929 dedit.
578 2869 629 2931 85.
661 2863 691 2932 O
721 2863 902 2950 praeelnrum
931 2861 1022 2940 diem,

97 2985 195 3048 quum
210 2965 249 3029 ad
263 2963 343 3029 illud
357 2964 499 3030 divinum
520 2967 693 3032 animorum
715 2964 880 3031 ooneilium
894 2972 1025 3030 ooetum-

96 3089 158 3151 que
173 3066 366 3151 proficiscen
391 3088 553 3151 quumque
568 3090 608 3132 ex
622 3067 681 3133 hso
694 3065 788 3132 turbt
803 3075 836 3131 et
850 3065 1025 3130 colluvione

95 3166 268 3233 diseedeml
312 3167 497 3233 Proficisear
512 3168 596 3234 enim
615 3189 680 3232 non
693 3167 733 3232 ed
748 3189 800 3232 eos
816 3165 917 3231 solum
930 3165 1024 3241 viros,

95 3269 135 3332 de
157 3267 272 3351 quibus
294 3269 367 3334 ante
389 3270 465 3346 dixi,
481 3270 534 3335 sed
556 3270 651 3335 etiam
673 3270 712 3335 ad
729 3269 883 3336 Catonem
897 3289 1022 3342 meum;

96 3389 160 3453 quo
187 3388 277 3434 nemo
294 3366 344 3433 vir
367 3369 478 3435 melior
500 3380 594 3435 natus
615 3379 673 3447 est,
688 3391 780 3434 nemo
804 3367 923 3453 pietate
945 3387 1025 3457 133·ae-

95 3467 237 3535 stantior.
284 3465 385 3555 Cujus
407 3471 426 3535 d
446 3493 497 3537 me
519 3493 631 3558 eorpus
653 3480 824 3537 crematum
839 3467 1026 3569 est—quod

1008 3562 1076 3671 ..sti
